2970 4898
612 157 832 220 ..19-

168 337 276 401 Pauca
295 344 451 420 postremo
481 335 610 398 diceudo
641 340 715 396 suut
745 335 782 396 de
804 336 973 398 scholiis.
1021 338 1056 399 Iu
1089 359 1247 421 quaerum
1266 359 1362 421 pauca

76 445 229 508 videntur
251 462 292 507 ex
315 443 483 526 Apollonio
511 444 708 524 immigrasse
732 479 773 487 -
799 448 892 504 etex
918 445 1089 526 copiosiore
1113 446 1247 528 quidem.
1272 446 1309 510 cf.
1335 463 1370 506 vs

78 551 258 623 c.103,1o
280 553 415 635 κουρίξ
437 559 507 617 τῶν
523 544 609 631 ἅπαξ
628 549 811 635 εἰρημένων,
837 551 872 616 ἐν
888 557 929 634 τῇ
952 556 1219 639 μνησιηροφονίᾳ.
1254 557 1362 638 σημαί-

76 685 127 728 νει
160 661 198 727 δὲ
221 655 260 727 τό
288 666 346 745 τῆς
373 654 473 744 κόρης
504 658 667 736 λαβέσθαι.
701 656 796 723 ἔνιοι
828 658 865 723 δὲ
900 667 1072 740 κουρικαῖς,
1105 654 1176 724 οἷον
1208 666 1364 735 νεανικῶς

77 787 154 830 cum
182 766 300 830 scholio
329 789 349 850 χ
379 765 442 826 188
474 760 493 830 ὁ
515 766 574 849 μὲν
596 760 796 848 Ἀρίσταρχος
818 772 876 850 τῆς
898 761 1000 849 κόμης
1023 762 1255 850 ἐπιλαβόμενοι.
1279 765 1297 832 ὁ
1322 769 1343 831 δ
1348 768 1361 832 ὲ

78 869 251 959 Κράτης,
285 874 396 956 κουρὶξ
422 868 461 938 τὸ
494 879 658 947 νεανικῶς.
719 868 968 953 Disputaverunt
992 871 1031 933 de
1055 871 1112 932 hae
1136 890 1169 933 ro
1193 870 1363 935 Lehrsius3

78 1002 107 1065 p.
135 982 174 1044 31
202 985 232 1042 et
256 979 447 1043 Forsmanus
470 998 498 1060 p.
537 978 599 1039 126
624 997 691 1060 sqq.
717 1014 758 1021 -
782 978 933 1059 peculiam
968 982 1073 1039 tamen
1102 979 1363 1040 commentatione

78 1087 210 1153 videtur
234 1105 313 1170 opus
337 1103 411 1148 esse.
437 1122 478 1129 -

168 1193 243 1257 Jam
264 1192 304 1255 ad
325 1192 421 1254 finem
446 1191 616 1254 adductum
632 1199 679 1253 est
693 1197 786 1274 caput
807 1192 959 1274 primum,
984 1211 1046 1274 quo
1060 1211 1123 1253 non
1147 1191 1240 1254 modo
1265 1211 1363 1274 quan-

78 1309 187 1386 topere
207 1302 303 1364 lexioi
325 1301 426 1362 forma
449 1300 577 1362 distaret
593 1319 611 1360 a
626 1299 764 1381 genuina
788 1299 862 1361 satis
886 1299 995 1361 multis
1019 1301 1211 1381 argumentis
1236 1300 1362 1361 demon-

78 1415 198 1474 strasse
229 1407 308 1470 mihi
338 1407 459 1486 videor,
495 1406 548 1469 sed
582 1407 676 1468 etiam
709 1425 790 1489 quac
824 1405 963 1489 pericula
990 1406 1137 1468 evitanda
1165 1413 1259 1488 atque
1283 1426 1363 1490 quac

69 1516 237 1604 ⁸praesidia
265 1513 443 1577 adhibenda
476 1520 581 1578 essent
612 1515 645 1575 in
682 1512 918 1596 quaestionibus
951 1514 990 1576 de
1013 1514 1181 1597 Apollonio
1209 1519 1292 1575 recte
1315 1515 1363 1574 in-

77 1623 256 1688 stituendis.
282 1659 323 1670 -
