2970 4898
635 134 853 202 -12-

103 318 269 381 dicendum
295 319 333 380 de
356 319 511 403 ἐρέχθων,
537 320 620 402 quod
646 338 732 380 nunc
755 319 838 400 apud
854 317 1058 400 Apollonium
1083 317 1207 388 excidit,
1233 317 1287 379 sed
1311 336 1382 399 pro-

102 429 180 488 fecto
204 428 461 510 praetermissum
483 446 548 488 non
571 428 657 489 frum
682 464 723 471 -
749 424 806 488 Cui
829 425 989 509 praeclaro
1013 425 1130 486 iudicio
1154 426 1284 486 omnino
1308 424 1382 487 sub-

102 533 304 596 scribendum
328 539 381 596 est.
432 534 581 596 Attamen
608 533 799 596 Carnuthius
822 533 855 594 in
879 533 982 614 priore
1005 533 1202 615 egregiarum
1226 532 1282 612 „de
1304 531 1382 612 Ety-

101 639 246 721 mologici
297 638 404 721 Magni
449 638 606 702 fontibus‘
650 639 964 706 commentationum,
1011 658 1089 721 quas
1136 638 1219 720 quod
1255 657 1382 700 mecum

102 749 347 809 communicavit
381 747 475 809 etiam
509 747 568 810 hoo
601 748 669 810 loco
700 748 817 829 gratias
852 747 879 808 ei
913 765 970 828 ago
1007 765 1102 827 qnam
1135 747 1306 817 maximas,
1341 764 1381 807 ex

102 856 281 917 Aristonico
304 854 459 917 nonnulla
472 854 603 918 fluxisse
620 855 689 917 vult
711 856 745 916 in
768 853 816 916 Et.
841 852 892 934 Μ,
917 872 998 936 quae
1020 855 1125 936 potius
1149 873 1188 916 ex
1212 854 1382 937 Apollonio

107 962 253 1045 Sophiste
281 964 485 1045 transscripta
513 969 595 1029 sunt.
641 961 693 1024 Sic
721 962 805 1045 quod
835 960 963 1044 praebet
990 961 1038 1025 Et.
1063 963 1103 1026 M.
1130 961 1169 1022 57
1175 963 1202 1041 9,
1227 961 1267 1022 56
1291 986 1381 1047 μενε-

101 1073 180 1137 αίνω
204 1074 347 1156 σημαίνει
377 1073 462 1155 τρίαε
486 1071 539 1136 ἐπὶ
566 1072 625 1155 μὲν
656 1079 716 1137 τοῦ
746 1076 921 1154 χαλαῦσίλαι
945 1067 1042 1152 ,σάδὲ
1074 1073 1105 1136 τί
1124 1095 1163 1154 με
1187 1069 1299 1147 (codex
1328 1073 1377 1146 σε)

99 1171 159 1261 χρη
183 1171 341 1251 ἀσκελέως
364 1177 425 1242 αἰεὶ
446 1174 670 1261 μενεαινέμεν(
709 1175 792 1242 Tb?
827 1213 869 1220 -
902 1176 956 1242 ἐπὶ
980 1178 1017 1242 δὲ
1048 1183 1109 1242 τοῦ
1139 1184 1381 1261 προθυμεῖσθαι

101 1286 264 1368 ,μενέαινε
297 1286 334 1350 δὲ·
370 1286 470 1360 κῦδος
502 1280 655 1365 ἀσίσθαί(
692 1290 722 1350 Φ
751 1284 814 1344 543
849 1320 888 1328 -
922 1283 976 1350 ἐπὶ
1009 1286 1045 1350 δὲ·
1078 1291 1137 1351 τοῦ
1168 1290 1378 1368 λειποψνχεϊν

100 1386 322 1475 ,κτεινόμενος
343 1387 509 1476 μενέαινε(
532 1389 565 1452 Π
584 1391 647 1452 491
684 1426 726 1434 -
758 1410 822 1453 non
851 1409 892 1453 ex
925 1389 1181 1452 annotationibus
1204 1390 1378 1452 Aristonici

101 1497 139 1559 ad
163 1497 282 1560 11491
309 1498 385 1562 etl
413 1498 455 1559 68
479 1498 722 1580 conglutinavit,
747 1497 801 1560 sed
825 1498 989 1580 descripsit
1012 1516 1051 1559 ex
1078 1498 1244 1580 Apollonio
1263 1498 1335 1571 111,
1362 1498 1380 1559 9

99 1607 315 1688 μενεαίνειν
338 1605 391 1670 ἐπὶ
414 1606 473 1689 μὲν
495 1613 556 1670 τοῦ
569 1610 746 1688 χολοῦσθαι
770 1603 868 1688 ,σάδί
891 1607 922 1670 τί
937 1623 972 1670 σε
995 1607 1027 1681 (1)
1050 1602 1110 1689 χρη
1134 1600 1294 1680 ἀσκελέως
1317 1604 1379 1670 αἰεὶ

99 1710 331 1797 μενεαινέμενιί,
365 1712 419 1778 ἐπί
453 1714 490 1778 δὲ
522 1719 581 1778 τοῦ
615 1720 856 1797 προθυμεῖσθαι
888 1714 1051 1797 »μενέαινε
1086 1713 1123 1778 δὲ
1155 1714 1256 1788 κῦδος
1288 1708 1378 1796 ἀμέσ-

100 1815 187 1901 θαίι,
221 1818 275 1884 εἰιί
310 1819 347 1883 δὲ
380 1824 440 1884 τοῦ
478 1824 689 1902 λειποψυχεῐν
730 1814 953 1903 ,κτεινόμενος
984 1816 1179 1902 μενέαινεν”,
1227 1817 1282 1880 ubi
1328 1819 1379 1880 vel

99 1925 182 1986 idem
205 1926 319 1987 vitium
344 1929 448 1987 exstat
474 1926 506 1987 in
532 1943 626 1988 versu
655 1925 740 1993 Τ67.
765 1925 932 2005 laudando,
957 1924 1041 2007 quod
1065 1926 1099 1986 in
1122 1924 1170 1986 Et.
1195 1924 1236 1987 M.
1290 1924 1379 1987 Idem

99 2031 300 2093 statuendum
329 2030 368 2093 de
390 2030 438 2093 Et.
463 2030 503 2093 M.
528 2032 602 2112 414,
632 2033 672 2094 25
702 2038 732 2094 et
760 2033 818 2114 Ap.
843 2032 894 2112 81,
925 2032 974 2110 18,
997 2052 1025 2092 x.
1050 2028 1185 2118 ζωστήρ,
1214 2040 1313 2118 ζῶμα.
1339 2069 1379 2077 -

98 2135 334 2216 Hesychium
358 2141 462 2199 autern
487 2139 553 2200 sive
562 2136 794 2220 Diogenianum
811 2138 972 2220 Apollonii
993 2137 1116 2199 lexicon
1142 2139 1175 2199 in
1192 2158 1286 2200 suum
1303 2159 1381 2221 opus

99 2243 254 2325 recepisse
276 2243 385 2325 procul
403 2242 499 2305 dubio
523 2249 578 2307 est.
626 2242 738 2326 Neque
760 2243 928 2306 Photius
951 2243 984 2304 id
1004 2245 1136 2326 ignorat,
1159 2262 1232 2306 cum
1247 2264 1276 2305 r.
1292 2243 1381 2329 μετά,

99 2351 271 2434 praemissa
292 2351 351 2414 filii
374 2351 517 2414 Archibii
541 2354 737 2433 auctoritate,
766 2353 805 2414 ad
839 2351 969 2415 verbum
1002 2352 1108 2415 locum
1136 2353 1232 2415 lexici
1264 2352 1379 2416 laudet.

99 2459 140 2521 Et
163 2465 342 2542 congruunt
364 2479 456 2543 saepe
478 2459 693 2544 lexicographi
715 2461 768 2523 isti
792 2480 864 2522 curn
878 2460 1056 2543 Apollonio.
1093 2459 1287 2543 Plerumque
1312 2463 1381 2543 qui-

100 2568 173 2630 dem
207 2567 359 2650 praebent
381 2569 506 2646 minus3
531 2575 640 2630 contra
664 2574 719 2652 est,
743 2568 799 2631 ubi
821 2569 856 2630 in
880 2567 1044 2650 capitibus,
1068 2587 1149 2651 quae
1172 2569 1308 2630 colorem
1331 2588 1379 2631 re-

98 2675 204 2738 ferunt
235 2677 364 2737 omnino
387 2676 648 2758 Apollonianum‚
677 2676 748 2759 plus
772 2674 941 2738 exhibeant
974 2696 1069 2758 quam
1093 2676 1146 2738 ille
1169 2677 1243 2759 ipse.
1291 2675 1379 2751 Quae

98 2803 149 2846 res
172 2783 261 2846 nullo
285 2783 378 2845 modo
402 2783 544 2866 expediri
567 2802 659 2867 pesse
683 2784 761 2845 mihi
786 2783 918 2863 videtur,
941 2784 1004 2845 nisi
1028 2801 1067 2845 ex
1092 2784 1263 2866 copiosiore
1286 2790 1380 2867 atque

99 2892 227 2974 propius
251 2890 290 2952 ad
317 2892 488 2972 genuinam
522 2891 689 2955 accedente
720 2892 815 2954 lexici
837 2891 1042 2974 Apolloniani
1069 2891 1171 2953 forma
1194 2892 1375 2955 hauserunt.

98 2996 210 3079 Neque
253 2997 297 3058 ita
336 3015 404 3058 rem
438 3016 471 3060 se
512 2996 627 3060 habere
670 2999 838 3081 quisquam
880 2995 1058 3077 mirabitur,
1109 2998 1164 3079 qui
1207 2997 1377 3080 Apollonio

99 3104 295 3166 emendando
336 3104 495 3187 paulisper
536 3123 662 3187 operam
706 3106 838 3186 dederit,
881 3124 954 3166 cum
982 3123 1021 3166 ex
1053 3103 1214 3184 Hesychio
1244 3107 1377 3188 optimos

98 3212 218 3275 fructus
253 3213 371 3294 percipi
404 3212 442 3273 ad
477 3213 682 3295 Apollonium
716 3233 788 3276 cum
821 3212 1054 3276 emendandum
1089 3218 1156 3274 tum
1186 3213 1379 3295 explendum

97 3327 185 3402 grato
210 3321 315 3381 animo
338 3319 550 3402 profitendum
574 3322 621 3382 sit.
668 3319 729 3383 Sed
757 3322 950 3403 argumentis
985 3339 1036 3382 res
1073 3325 1120 3382 est
1156 3319 1378 3384 confirmanda.

98 3426 238 3489 Maxime
262 3427 390 3509 quidem
414 3429 547 3510 speciosi
570 3435 645 3490 sunt
667 3429 690 3490 ii
705 3429 774 3507 loci,
799 3428 915 3511 quibus
938 3427 1117 3508 Hesychius
1141 3428 1230 3491 affert
1245 3431 1379 3492 auctori-

98 3540 194 3596 tatem
217 3535 351 3617 Apionis
371 3540 401 3596 et
427 3535 589 3598 Heliodori
611 3536 644 3597 in
668 3536 769 3598 lexico
793 3536 895 3619 Apoll.
921 3538 1078 3599 omissam.
1129 3536 1278 3599 Attamen
1307 3557 1379 3600 cum

99 3642 138 3704 de
161 3643 201 3704 iis
224 3643 257 3704 in
283 3642 440 3705 diversam
458 3644 646 3705 sententiam
669 3645 768 3726 possit
791 3644 956 3726 disputari,
992 3646 1109 3726 priores
1133 3645 1210 3706 alios
1243 3646 1379 3728 appinge

97 3749 191 3825 locos,
216 3747 331 3830 quibus
354 3747 551 3828 Hesychium
574 3750 775 3832 integriorem
798 3750 955 3812 interdum
980 3750 1073 3811 lexici
1090 3750 1292 3831 Apolloniani
1316 3769 1379 3813 ser-

98 3874 189 3918 vasse
211 3855 342 3917 formam
370 3856 575 3938 persuadeam
598 3857 723 3919 lectori:

210 3962 427 4043 Hesychius
451 3960 608 4050 dearilla
624 3962 756 4031 exoleta
771 3962 904 4049 χαλεκά,
920 3961 941 4032 ἀ
960 3962 1019 4033 σάκ
1035 3963 1075 4032 ἀν
1090 3991 1138 4042 τις
1159 3962 1244 4032 {xciv
1266 3963 1377 4041 πάθοι,

98 4073 225 4150 βέλτιον
258 4066 287 4135 ἀ
319 4066 359 4136 ἀν
390 4095 438 4146 τις
472 4067 612 4156 ἀποδοίη
644 4068 685 4138 κά
712 4076 929 4156 τεταραγμένα
958 4076 1011 4138 καὶ
1043 4069 1102 4138 orbe
1121 4069 1272 4158 εἰρηνικά,
1296 4070 1378 4140 κατά

98 4180 245 4263 στέρησιν
267 4184 325 4264 τῆς
347 4173 478 4264 ἡσυχίας
500 4180 553 4244 καί
577 4174 710 4264 εἰρήνης.
761 4178 797 4240 cf.
822 4179 879 4261 Ap.
907 4179 956 4260 10,
983 4181 998 4240 l
1024 4182 1077 4245 καί
1105 4176 1259 4266 ἀεκήλια
1288 4181 1377 4266 ἔργα

99 4278 119 4349 ἀ
134 4282 193 4349 οὐκ
206 4280 246 4349 ἀν
257 4310 305 4360 τις
322 4282 405 4351 ἑκαίν
415 4280 526 4362 boillot,
549 4281 681 4369 χαλειιά
693 4281 714 4372 ἢ
729 4281 774 4361 uic
789 4286 875 4369 ἔνιαι,
886 4283 944 4370 orig
955 4282 1063 4372 ἑκήλια
1079 4287 1163 4370 ἔργα,
1188 4282 1376 4372 ortwinum.

98 4389 614 4458 mmmmmsswn
