2970 4898
468 1212 944 1318 Prooemium.

134 1745 359 1829 ,Antiquitatis
401 1747 542 1810 studium
582 1753 736 1831 quantum
777 1753 964 1833 processerit
1000 1753 1154 1835 patefacta
1197 1757 1339 1816 veterum

59 1872 338 1954 grammaticorum
374 1873 515 1935 doctrina
557 1875 718 1937 neminem
752 1879 853 1958 potest
884 1875 988 1939 latere.
1051 1877 1157 1960 Atque
1198 1879 1249 1941 vel
1290 1879 1339 1942 his

59 1996 255 2081 temporibus
295 2016 368 2060 cum
400 2000 511 2061 merito
547 2018 674 2083 operam
708 2007 825 2064 navent
863 2003 924 2064 viri
961 2003 1043 2065 docti
1082 2002 1208 2066 scholiis
1246 2009 1340 2088 atquc

57 2124 173 2186 lexicis
197 2125 337 2204 servatis,
360 2143 462 2186 unum
487 2130 593 2188 tamen
616 2145 695 2209 opus
717 2129 834 2190 iniuria
858 2128 1006 2192 videntur
1025 2129 1214 2210 neglexisse:
1244 2132 1340 2214 Apol-

57 2248 138 2309 lonii
170 2246 333 2330 Sophistaa
364 2249 491 2311 lexicon
522 2249 741 2331 Homericum,
779 2271 819 2314 ex
854 2273 916 2335 quo
951 2253 1045 2314 multi
1076 2255 1212 2335 profecto
1245 2260 1339 2338 atque

58 2371 137 2434 boni
176 2372 298 2436 fructus
344 2372 384 2433 ad
433 2375 538 2434 omnia
579 2373 683 2436 studia
718 2373 888 2440 Homerica
927 2380 1065 2437 manant.
1130 2371 1195 2438 Sic'
1217 2380 1340 2461 egregie

61 2503 167 2561 monet
201 2498 235 2561 G.
266 2497 393 2562 Curtius
420 2518 449 2566 ν.
473 2499 516 2561 ill.
550 2497 761 2583 ,Grundziige
789 2501 844 2564 der
877 2501 1091 2584 griechischen
1120 2500 1338 2585 Etymologie“

58 2621 106 2684 cd.
136 2621 190 2684 IV.
215 2643 242 2705 p.
275 2623 352 2703 116,
383 2641 423 2685 ne
456 2624 527 2705 quis
555 2642 668 2686 vocum
696 2596 937 2687 Homericarum
955 2623 1215 2707 ¹significationes
1244 2627 1339 2688 extri·

58 2766 130 2810 carc
155 2747 274 2821 audeat,
300 2749 377 2829 quin
402 2748 519 2809 scholia
542 2746 664 2809 Veneta
697 2753 792 2830 atque
815 2749 1021 2830 Apollonium
1054 2747 1232 2832 Sophistam
1265 2771 1338 2814 con·

58 2871 198 2933 suluerit.
255 2871 425 2934 Enimvero
458 2872 646 2954 Apollonius
684 2875 741 2935 etsi
774 2873 971 2956 aliquantum
1004 2876 1078 2936 novi
1107 2868 1146 2937 ad
1170 2894 1206 2937 ea
1234 2875 1337 2957 adicit,

57 3016 139 3079 quac
185 2998 367 3060 scholiastae
413 2999 451 3061 dc
497 2998 638 3061 doctrina
668 2999 972 3062 ,Alexandrinorum
1006 2999 1096 3062 nobis
1129 3000 1335 3079 tradiderunt,

55 3128 162 3183 tamen
190 3124 397 3184 miserrimam
422 3123 516 3185 lexici
549 3123 764 3186 condicionem
787 3144 899 3206 parum
924 3124 1115 3188 adiuverunt
1138 3108 1335 3188 recentiores.

54 3247 202 3330 Namque
230 3247 331 3309 adhuc
364 3248 495 3309 maculis
530 3248 686 3311 redundat
721 3268 855 3330 quarum
888 3267 959 3310 cum
987 3248 1016 3310 J.
1040 3247 1249 3330 Bclrkcrus,
1282 3250 1336 3331 qui

53 3377 125 3455 post
170 3371 376 3435 Villoisonem
401 3373 511 3450 (1773)
545 3379 575 3434 et
606 3373 739 3435 Tullium
780 3374 887 3454 (1788)
916 3374 1027 3435 tertius
1061 3374 1219 3436 recensuit
1257 3373 1336 3435 lexi-

54 3515 113 3557 con
148 3515 231 3558 annc
266 3499 360 3577 1833,
403 3517 442 3558 ne
474 3497 746 3560 manifestissimas
796 3497 924 3579 quidem
960 3516 1051 3580 saepe
1084 3497 1246 3577 deleverit,
1282 3516 1336 3559 no·

53 3642 112 3686 vae
136 3623 281 3685 editionis
298 3622 489 3684 desiderium
512 3623 647 3704 reliquit.
694 3620 759 3686 Nec
783 3623 859 3684 satis
875 3626 997 3684 constat
1013 3622 1052 3685 de
1074 3620 1215 3684 fontibus
1232 3622 1335 3702 lexici,

53 3768 128 3809 nam
154 3749 208 3829 qui
237 3750 296 3808 viri
325 3748 407 3810 docti
436 3747 539 3810 dedita
567 3765 661 3830 opera
689 3749 882 3829 scripserunt
910 3748 949 3812 de
976 3748 1071 3809 lexici
1095 3748 1225 3828 origine,
1249 3745 1335 3808 haud

52 3874 98 3934 ita
120 3874 256 3935 multum
281 3875 510 3955 praestiterunt.
558 3872 708 3935 Polakius
732 3874 817 3935 enim
841 3871 954 3952 (‚,Over
981 3873 1033 3935 het
1062 3877 1206 3934 ontstaan
1230 3889 1269 3934 en
1295 3871 1334 3934 dc

53 3998 289 4078 semenstelling
312 4018 375 4060 van
401 3998 453 4059 het
475 3996 615 4059 Lexicon
639 3996 845 4059 Homericum
870 4017 933 4058 van
957 3997 1147 4080 Apollonius
1171 3994 1333 4077 Sophista“

54 4121 120 4184 sine
144 4123 211 4184 loco
229 4128 259 4183 et
274 4143 366 4200 anne,
391 4123 556 4185 duodecim
579 4123 775 4204 paginarum)
793 4109 864 4184 cum
881 4124 963 4183 intra
980 4123 1219 4205 angustissimos
1242 4123 1333 4204 spatii

50 4245 129 4307 fines
159 4266 192 4308 sc
215 4249 434 4327 continuisset,
462 4249 591 4310 strinxit
614 4248 714 4329 magis
739 4267 834 4329 quam
863 4247 957 4309 solvit
987 4248 1218 4330 quaestionem,
1243 4245 1333 4318 Fors:

50 4389 166 4431 manus
190 4378 297 4433 contra
322 4345 605 4452 („De'Aristarcho
625 4373 719 4434 lexici
735 4371 938 4456 Apolloniam
960 4372 1066 4456 fonte“
1083 4369 1333 4459 Helsinglorsiae

540 4572 810 4679 152315
1105 4490 1118 4570 i
