<?xml version="1.0" encoding="UTF-8"?>
<!DOCTYPE html PUBLIC "-//W3C//DTD XHTML 1.0 Transitional//EN"
    "http://www.w3.org/TR/xhtml1/DTD/xhtml1-transitional.dtd">
<html xmlns="http://www.w3.org/1999/xhtml" xml:lang="en" lang="en">
 <head>
  <title>
</title>
<meta http-equiv="Content-Type" content="text/html;charset=utf-8" />
  <meta name='ocr-system' content='tesseract 3.04.00' />
  <meta name='ocr-capabilities' content='ocr_page ocr_carea ocr_par ocr_line ocrx_word'/>
</head>
<body>
  <div class='ocr_page' id='page_1' title='image "./deapolloniisoph00leydgoog_0012.png"; bbox 0 0 2970 4898; ppageno 0'>
   <div class='ocr_carea' id='block_1_1' title="bbox 602 169 800 230">
    <p class='ocr_par' dir='ltr' id='par_1_1' title="bbox 602 169 800 230">
     <span class='ocr_line' id='line_1_1' title="bbox 602 169 800 230; baseline -0.005 -12"><span class='ocrx_word' id='word_1_1' title='bbox 602 169 800 230; x_wconf 44' lang='lat'>*5-</span> 
     </span>
    </p>
   </div>
   <div class='ocr_carea' id='block_1_2' title="bbox 54 325 1416 2766">
    <p class='ocr_par' dir='ltr' id='par_1_2' title="bbox 146 325 1338 416">
     <span class='ocr_line' id='line_1_2' title="bbox 146 325 1338 416; baseline 0.002 -20"><span class='ocrx_word' id='word_1_2' title='bbox 146 325 287 412; x_wconf 80' lang='grc' dir='ltr'><em>συβόσια,</em></span> <span class='ocrx_word' id='word_1_3' title='bbox 305 325 503 415; x_wconf 73' lang='grc' dir='ltr'><em>συμμάρψας,</em></span> <span class='ocrx_word' id='word_1_4' title='bbox 521 327 740 416; x_wconf 77' lang='grc' dir='ltr'><em>συμβλήμενος</em></span> <span class='ocrx_word' id='word_1_5' title='bbox 755 331 832 410; x_wconf 82' lang='grc'><strong>146,</strong></span> <span class='ocrx_word' id='word_1_6' title='bbox 851 331 936 393; x_wconf 84' lang='grc'>7-9</span> <span class='ocrx_word' id='word_1_7' title='bbox 952 333 1128 415; x_wconf 88' lang='grc' dir='ltr'><em>-στέφει,</em></span> <span class='ocrx_word' id='word_1_8' title='bbox 1150 325 1338 405; x_wconf 87' lang='grc' dir='ltr'><em>στεινωπόν,</em></span> 
     </span>
    </p>

    <p class='ocr_par' dir='ltr' id='par_1_3' title="bbox 146 436 538 515">
     <span class='ocr_line' id='line_1_3' title="bbox 146 436 538 515; baseline -0.013 -11"><span class='ocrx_word' id='word_1_9' title='bbox 146 440 265 504; x_wconf 78' lang='grc' dir='ltr'><em>στελέω</em></span> <span class='ocrx_word' id='word_1_10' title='bbox 292 436 363 510; x_wconf 76' lang='grc'><strong>116,</strong></span> <span class='ocrx_word' id='word_1_11' title='bbox 393 437 538 515; x_wconf 82' lang='grc'><strong>10-13;</strong></span> 
     </span>
    </p>

    <p class='ocr_par' dir='ltr' id='par_1_4' title="bbox 145 541 791 628">
     <span class='ocr_line' id='line_1_4' title="bbox 145 541 791 628; baseline -0.006 -18"><span class='ocrx_word' id='word_1_12' title='bbox 145 552 248 628; x_wconf 82' lang='grc' dir='ltr'><strong><em>φῦκος</em></strong></span> <span class='ocrx_word' id='word_1_13' title='bbox 273 544 345 624; x_wconf 86' lang='grc'><strong>165,</strong></span> <span class='ocrx_word' id='word_1_14' title='bbox 371 543 410 604; x_wconf 83' lang='grc'>17</span> <span class='ocrx_word' id='word_1_15' title='bbox 437 580 478 589; x_wconf 93' lang='grc'>-</span> <span class='ocrx_word' id='word_1_16' title='bbox 503 541 619 628; x_wconf 88' lang='grc' dir='ltr'><em>φρόνιν</em></span> <span class='ocrx_word' id='word_1_17' title='bbox 644 544 715 617; x_wconf 86' lang='grc'><strong>165,</strong></span> <span class='ocrx_word' id='word_1_18' title='bbox 742 545 791 606; x_wconf 87' lang='lat'>18.</span> 
     </span>
    </p>

    <p class='ocr_par' dir='ltr' id='par_1_5' title="bbox 55 647 1341 1057">
     <span class='ocr_line' id='line_1_5' title="bbox 217 647 1341 736; baseline 0 -23"><span class='ocrx_word' id='word_1_19' title='bbox 217 649 364 735; x_wconf 90' lang='lat' dir='ltr'>Denique</span> <span class='ocrx_word' id='word_1_20' title='bbox 391 651 497 735; x_wconf 81' lang='lat' dir='ltr'>glossa</span> <span class='ocrx_word' id='word_1_21' title='bbox 525 655 673 736; x_wconf 82' lang='grc' dir='ltr'><em>πέφραδέ</em></span> <span class='ocrx_word' id='word_1_22' title='bbox 695 678 732 719; x_wconf 92' lang='grc' dir='ltr'>τε</span> <span class='ocrx_word' id='word_1_23' title='bbox 760 647 895 736; x_wconf 77' lang='grc' dir='ltr'><em>Τρώεσσι</em></span> <span class='ocrx_word' id='word_1_24' title='bbox 918 654 972 718; x_wconf 82' lang='grc' dir='ltr'>καὶ</span> <span class='ocrx_word' id='word_1_25' title='bbox 996 647 1175 736; x_wconf 80' lang='grc' dir='ltr'><em>εὐχόμενος.</em></span> <span class='ocrx_word' id='word_1_26' title='bbox 1207 652 1341 726; x_wconf 71' lang='grc'><strong>16612</strong></span> 
     </span>
     <span class='ocr_line' id='line_1_6' title="bbox 55 757 1335 843; baseline -0.001 -23"><span class='ocrx_word' id='word_1_27' title='bbox 55 759 135 820; x_wconf 89' lang='lat' dir='ltr'>nihil</span> <span class='ocrx_word' id='word_1_28' title='bbox 163 764 211 820; x_wconf 87' lang='lat' dir='ltr'>est</span> <span class='ocrx_word' id='word_1_29' title='bbox 238 759 299 821; x_wconf 90' lang='lat' dir='ltr'>nisi</span> <span class='ocrx_word' id='word_1_30' title='bbox 326 775 437 821; x_wconf 80' lang='lat' dir='ltr'>versus</span> <span class='ocrx_word' id='word_1_31' title='bbox 457 757 647 823; x_wconf 81' lang='lat' dir='ltr'>Homericus</span> <span class='ocrx_word' id='word_1_32' title='bbox 677 759 834 822; x_wconf 90' lang='lat' dir='ltr'>abscissus</span> <span class='ocrx_word' id='word_1_33' title='bbox 859 759 896 821; x_wconf 91' lang='lat' dir='ltr'>de</span> <span class='ocrx_word' id='word_1_34' title='bbox 924 759 1026 840; x_wconf 86' lang='lat' dir='ltr'>capite</span> <span class='ocrx_word' id='word_1_35' title='bbox 1049 761 1190 843; x_wconf 80' lang='grc' dir='ltr'><em>φραδέος</em></span> <span class='ocrx_word' id='word_1_36' title='bbox 1217 758 1288 831; x_wconf 86' lang='grc'><strong>165,</strong></span> <span class='ocrx_word' id='word_1_37' title='bbox 1306 757 1335 829; x_wconf 90' lang='grc'>6,</span> 
     </span>
     <span class='ocr_line' id='line_1_7' title="bbox 56 863 1336 954; baseline -0.001 -27"><span class='ocrx_word' id='word_1_38' title='bbox 56 865 111 928; x_wconf 91' lang='lat' dir='ltr'>ubi</span> <span class='ocrx_word' id='word_1_39' title='bbox 139 886 195 948; x_wconf 92' lang='lat' dir='ltr'>pro</span> <span class='ocrx_word' id='word_1_40' title='bbox 219 867 255 934; x_wconf 78' lang='grc' dir='ltr'>ἐν</span> <span class='ocrx_word' id='word_1_41' title='bbox 281 873 321 952; x_wconf 69' lang='grc' dir='ltr'>τῇ</span> <span class='ocrx_word' id='word_1_42' title='bbox 345 875 375 934; x_wconf 88' lang='grc' dir='ltr'><em>Ρ</em></span> <span class='ocrx_word' id='word_1_43' title='bbox 394 874 451 954; x_wconf 80' lang='grc' dir='ltr'>τῆς</span> <span class='ocrx_word' id='word_1_44' title='bbox 473 864 611 944; x_wconf 83' lang='grc' dir='ltr'><em>Ἰλιάδος</em></span> <span class='ocrx_word' id='word_1_45' title='bbox 634 867 836 930; x_wconf 89' lang='lat' dir='ltr'>scribendum</span> <span class='ocrx_word' id='word_1_46' title='bbox 860 873 907 928; x_wconf 90' lang='lat' dir='ltr'>est</span> <span class='ocrx_word' id='word_1_47' title='bbox 930 867 965 933; x_wconf 78' lang='grc' dir='ltr'>ἐν</span> <span class='ocrx_word' id='word_1_48' title='bbox 988 873 1030 950; x_wconf 81' lang='grc' dir='ltr'>τῇ</span> <span class='ocrx_word' id='word_1_49' title='bbox 1051 868 1085 937; x_wconf 85' lang='grc' dir='ltr'>Ξ.</span> <span class='ocrx_word' id='word_1_50' title='bbox 1119 864 1161 928; x_wconf 85' lang='lat' dir='ltr'>ef.</span> <span class='ocrx_word' id='word_1_51' title='bbox 1186 863 1336 928; x_wconf 87' lang='lat' dir='ltr'>Lehrsii</span> 
     </span>
     <span class='ocr_line' id='line_1_8' title="bbox 55 968 1197 1057; baseline -0.001 -23"><span class='ocrx_word' id='word_1_52' title='bbox 55 973 240 1036; x_wconf 80' lang='lat' dir='ltr'>admirabile</span> <span class='ocrx_word' id='word_1_53' title='bbox 264 993 342 1057; x_wconf 91' lang='lat' dir='ltr'>opus</span> <span class='ocrx_word' id='word_1_54' title='bbox 365 973 431 1056; x_wconf 78' lang='lat' dir='ltr'>„ne</span> <span class='ocrx_word' id='word_1_55' title='bbox 453 975 628 1037; x_wconf 80' lang='lat' dir='ltr'>Aristarchi</span> <span class='ocrx_word' id='word_1_56' title='bbox 652 974 764 1037; x_wconf 86' lang='lat' dir='ltr'>studiis</span> <span class='ocrx_word' id='word_1_57' title='bbox 787 968 1008 1036; x_wconf 72' lang='lat' dir='ltr'>Honiericis“3</span> <span class='ocrx_word' id='word_1_58' title='bbox 1027 993 1054 1054; x_wconf 91' lang='lat' dir='ltr'>p.</span> <span class='ocrx_word' id='word_1_59' title='bbox 1080 973 1130 1034; x_wconf 88' lang='grc'>84.</span> <span class='ocrx_word' id='word_1_60' title='bbox 1156 1009 1197 1018; x_wconf 92' lang='lat'>—-</span> 
     </span>
    </p>

    <p class='ocr_par' dir='ltr' id='par_1_6' title="bbox 54 1075 1343 1696">
     <span class='ocr_line' id='line_1_9' title="bbox 216 1075 1338 1164; baseline 0.004 -23"><span class='ocrx_word' id='word_1_61' title='bbox 216 1079 422 1164; x_wconf 85' lang='lat' dir='ltr'>interpolatas</span> <span class='ocrx_word' id='word_1_62' title='bbox 451 1088 555 1143; x_wconf 91' lang='lat' dir='ltr'>autem</span> <span class='ocrx_word' id='word_1_63' title='bbox 583 1083 670 1164; x_wconf 83' lang='lat' dir='ltr'>ipsae</span> <span class='ocrx_word' id='word_1_64' title='bbox 698 1100 732 1144; x_wconf 92' lang='lat' dir='ltr'>se</span> <span class='ocrx_word' id='word_1_65' title='bbox 754 1081 892 1164; x_wconf 91' lang='lat' dir='ltr'>produnt</span> <span class='ocrx_word' id='word_1_66' title='bbox 914 1079 1038 1162; x_wconf 91' lang='lat' dir='ltr'>glossae</span> <span class='ocrx_word' id='word_1_67' title='bbox 1061 1088 1182 1164; x_wconf 85' lang='grc' dir='ltr'><em>ταῦροι,</em></span> <span class='ocrx_word' id='word_1_68' title='bbox 1206 1075 1338 1163; x_wconf 85' lang='grc' dir='ltr'><em>ταόριον</em></span> 
     </span>
     <span class='ocr_line' id='line_1_10' title="bbox 54 1183 1339 1272; baseline -0.004 -19"><span class='ocrx_word' id='word_1_69' title='bbox 54 1183 141 1272; x_wconf 81' lang='grc' dir='ltr'><em>αἷμα,</em></span> <span class='ocrx_word' id='word_1_70' title='bbox 164 1184 284 1272; x_wconf 83' lang='grc' dir='ltr'><em>ταύρου</em></span> <span class='ocrx_word' id='word_1_71' title='bbox 311 1188 381 1265; x_wconf 83' lang='grc'><strong>156,</strong></span> <span class='ocrx_word' id='word_1_72' title='bbox 403 1188 541 1268; x_wconf 84' lang='grc'><strong>16-22,</strong></span> <span class='ocrx_word' id='word_1_73' title='bbox 557 1207 646 1270; x_wconf 70' lang='lat' dir='ltr'>onae</span> <span class='ocrx_word' id='word_1_74' title='bbox 661 1207 774 1271; x_wconf 82' lang='lat' dir='ltr'>agmen</span> <span class='ocrx_word' id='word_1_75' title='bbox 793 1188 944 1250; x_wconf 88' lang='lat' dir='ltr'>claudunt</span> <span class='ocrx_word' id='word_1_76' title='bbox 960 1185 1184 1250; x_wconf 88' lang='lat' dir='ltr'>vocabulorum</span> <span class='ocrx_word' id='word_1_77' title='bbox 1209 1207 1228 1248; x_wconf 92' lang='lat' dir='ltr'>a</span> <span class='ocrx_word' id='word_1_78' title='bbox 1250 1213 1270 1254; x_wconf 92' lang='grc' dir='ltr'><em>τ</em></span> <span class='ocrx_word' id='word_1_79' title='bbox 1288 1187 1339 1249; x_wconf 92' lang='lat' dir='ltr'>lit·</span> 
     </span>
     <span class='ocr_line' id='line_1_11' title="bbox 54 1291 1337 1377; baseline -0.001 -22"><span class='ocrx_word' id='word_1_80' title='bbox 54 1299 121 1356; x_wconf 90' lang='lat' dir='ltr'>tera</span> <span class='ocrx_word' id='word_1_81' title='bbox 132 1295 360 1376; x_wconf 78' lang='lat' dir='ltr'>incipientium,</span> <span class='ocrx_word' id='word_1_82' title='bbox 379 1297 528 1377; x_wconf 89' lang='lat' dir='ltr'>quoniam</span> <span class='ocrx_word' id='word_1_83' title='bbox 546 1294 584 1357; x_wconf 90' lang='lat' dir='ltr'>ab</span> <span class='ocrx_word' id='word_1_84' title='bbox 601 1294 738 1358; x_wconf 84' lang='lat' dir='ltr'>Homero</span> <span class='ocrx_word' id='word_1_85' title='bbox 755 1294 876 1357; x_wconf 87' lang='lat' dir='ltr'>alienae</span> <span class='ocrx_word' id='word_1_86' title='bbox 895 1300 977 1356; x_wconf 89' lang='lat' dir='ltr'>sunt.</span> <span class='ocrx_word' id='word_1_87' title='bbox 1032 1291 1075 1354; x_wconf 83' lang='lat' dir='ltr'>ef.</span> <span class='ocrx_word' id='word_1_88' title='bbox 1092 1293 1269 1356; x_wconf 89' lang='lat' dir='ltr'>Villoiso</span> <span class='ocrx_word' id='word_1_89' title='bbox 1286 1293 1337 1376; x_wconf 84' lang='lat' dir='ltr'>Ap</span> 
     </span>
     <span class='ocr_line' id='line_1_12' title="bbox 55 1399 1343 1488; baseline 0 -26"><span class='ocrx_word' id='word_1_90' title='bbox 55 1399 148 1483; x_wconf 84' lang='lat' dir='ltr'>Soph.</span> <span class='ocrx_word' id='word_1_91' title='bbox 174 1420 196 1462; x_wconf 90' lang='lat' dir='ltr'>s.</span> <span class='ocrx_word' id='word_1_92' title='bbox 221 1421 249 1462; x_wconf 88' lang='lat' dir='ltr'>v.</span> <span class='ocrx_word' id='word_1_93' title='bbox 274 1399 376 1464; x_wconf 84' lang='lat' dir='ltr'>Etiam</span> <span class='ocrx_word' id='word_1_94' title='bbox 399 1401 505 1483; x_wconf 84' lang='lat' dir='ltr'>glossa</span> <span class='ocrx_word' id='word_1_95' title='bbox 527 1399 606 1488; x_wconf 83' lang='grc' dir='ltr'><em>χλόη</em></span> <span class='ocrx_word' id='word_1_96' title='bbox 629 1402 704 1474; x_wconf 87' lang='grc'><strong>168,</strong></span> <span class='ocrx_word' id='word_1_97' title='bbox 726 1403 744 1463; x_wconf 92' lang='grc'><strong>3</strong></span> <span class='ocrx_word' id='word_1_98' title='bbox 773 1401 916 1464; x_wconf 89' lang='lat' dir='ltr'>eicienda</span> <span class='ocrx_word' id='word_1_99' title='bbox 943 1406 990 1463; x_wconf 89' lang='lat' dir='ltr'>est</span> <span class='ocrx_word' id='word_1_100' title='bbox 1018 1406 1048 1462; x_wconf 90' lang='lat' dir='ltr'>et</span> <span class='ocrx_word' id='word_1_101' title='bbox 1076 1402 1144 1483; x_wconf 87' lang='lat' dir='ltr'>ipsa</span> <span class='ocrx_word' id='word_1_102' title='bbox 1172 1400 1343 1462; x_wconf 88' lang='lat' dir='ltr'>abhorrens</span> 
     </span>
     <span class='ocr_line' id='line_1_13' title="bbox 56 1505 1343 1589; baseline -0.002 -20"><span class='ocrx_word' id='word_1_103' title='bbox 56 1506 95 1569; x_wconf 92' lang='lat' dir='ltr'>ab</span> <span class='ocrx_word' id='word_1_104' title='bbox 128 1506 278 1571; x_wconf 85' lang='lat' dir='ltr'>Homero.</span> <span class='ocrx_word' id='word_1_105' title='bbox 325 1506 392 1570; x_wconf 89' lang='lat' dir='ltr'>Nec</span> <span class='ocrx_word' id='word_1_106' title='bbox 419 1527 481 1570; x_wconf 95' lang='lat' dir='ltr'>non</span> <span class='ocrx_word' id='word_1_107' title='bbox 512 1505 603 1576; x_wconf 78' lang='grc' dir='ltr'><em>οἰδεῖν</em></span> <span class='ocrx_word' id='word_1_108' title='bbox 632 1510 664 1581; x_wconf 88' lang='grc'><strong>2,</strong></span> <span class='ocrx_word' id='word_1_109' title='bbox 692 1509 730 1571; x_wconf 89' lang='grc'><strong>13</strong></span> <span class='ocrx_word' id='word_1_110' title='bbox 765 1513 871 1570; x_wconf 87' lang='lat' dir='ltr'>movet</span> <span class='ocrx_word' id='word_1_111' title='bbox 903 1508 1128 1589; x_wconf 79' lang='lat' dir='ltr'>suspicionem,</span> <span class='ocrx_word' id='word_1_112' title='bbox 1161 1507 1233 1569; x_wconf 89' lang='lat' dir='ltr'>vide</span> <span class='ocrx_word' id='word_1_113' title='bbox 1260 1505 1343 1568; x_wconf 87' lang='lat' dir='ltr'>infra</span> 
     </span>
     <span class='ocr_line' id='line_1_14' title="bbox 56 1612 989 1696; baseline 0 -22"><span class='ocrx_word' id='word_1_114' title='bbox 56 1635 85 1696; x_wconf 89' lang='lat' dir='ltr'>p.</span> <span class='ocrx_word' id='word_1_115' title='bbox 111 1614 139 1675; x_wconf 93' lang='grc'>6.</span> <span class='ocrx_word' id='word_1_116' title='bbox 165 1614 200 1676; x_wconf 89' lang='lat' dir='ltr'>cf.</span> <span class='ocrx_word' id='word_1_117' title='bbox 221 1615 261 1678; x_wconf 83' lang='lat' dir='ltr'>hl.</span> <span class='ocrx_word' id='word_1_118' title='bbox 285 1612 521 1678; x_wconf 89' lang='lat' dir='ltr'>Schmidtius</span> <span class='ocrx_word' id='word_1_119' title='bbox 545 1613 625 1678; x_wconf 88' lang='lat' dir='ltr'>Mus.</span> <span class='ocrx_word' id='word_1_120' title='bbox 649 1614 748 1677; x_wconf 91' lang='lat' dir='ltr'>Rhen.</span> <span class='ocrx_word' id='word_1_121' title='bbox 772 1613 838 1676; x_wconf 90' lang='lat' dir='ltr'>XII</span> <span class='ocrx_word' id='word_1_122' title='bbox 862 1634 891 1696; x_wconf 91' lang='lat' dir='ltr'>p.</span> <span class='ocrx_word' id='word_1_123' title='bbox 919 1614 989 1674; x_wconf 80' lang='lat'>141.</span> 
     </span>
    </p>

    <p class='ocr_par' dir='ltr' id='par_1_7' title="bbox 56 1705 1343 2020">
     <span class='ocr_line' id='line_1_15' title="bbox 149 1705 1343 1806; baseline 0 -24"><span class='ocrx_word' id='word_1_124' title='bbox 149 1718 238 1794; x_wconf 83' lang='lat' dir='ltr'>Quod</span> <span class='ocrx_word' id='word_1_125' title='bbox 262 1721 409 1783; x_wconf 88' lang='lat' dir='ltr'>lemmata</span> <span class='ocrx_word' id='word_1_126' title='bbox 438 1722 563 1785; x_wconf 87' lang='lat' dir='ltr'>tandem</span> <span class='ocrx_word' id='word_1_127' title='bbox 596 1717 623 1805; x_wconf 85' lang='grc' dir='ltr'><strong>δ,</strong></span> <span class='ocrx_word' id='word_1_128' title='bbox 659 1717 704 1806; x_wconf 82' lang='grc' dir='ltr'>ὅς,</span> <span class='ocrx_word' id='word_1_129' title='bbox 727 1716 775 1804; x_wconf 73' lang='grc' dir='ltr'><strong>οὗ,</strong></span> <span class='ocrx_word' id='word_1_130' title='bbox 799 1716 846 1804; x_wconf 83' lang='grc' dir='ltr'>δν,</span> <span class='ocrx_word' id='word_1_131' title='bbox 874 1722 949 1794; x_wconf 89' lang='grc'><strong>118,</strong></span> <span class='ocrx_word' id='word_1_132' title='bbox 977 1705 1085 1783; x_wconf 85' lang='grc'><strong>1-13</strong></span> <span class='ocrx_word' id='word_1_133' title='bbox 1118 1722 1201 1783; x_wconf 86' lang='lat' dir='ltr'>inter</span> <span class='ocrx_word' id='word_1_134' title='bbox 1227 1740 1261 1783; x_wconf 90' lang='grc'>66</span> <span class='ocrx_word' id='word_1_135' title='bbox 1289 1739 1343 1782; x_wconf 83' lang='lat' dir='ltr'>ex-</span> 
     </span>
     <span class='ocr_line' id='line_1_16' title="bbox 56 1822 1343 1911; baseline -0.002 -21"><span class='ocrx_word' id='word_1_136' title='bbox 56 1828 180 1910; x_wconf 90' lang='lat' dir='ltr'>cipiunt</span> <span class='ocrx_word' id='word_1_137' title='bbox 203 1832 297 1909; x_wconf 90' lang='lat' dir='ltr'>atque</span> <span class='ocrx_word' id='word_1_138' title='bbox 324 1822 369 1904; x_wconf 79' lang='grc' dir='ltr'>ὥς</span> <span class='ocrx_word' id='word_1_139' title='bbox 391 1849 419 1910; x_wconf 91' lang='grc'>6.</span> <span class='ocrx_word' id='word_1_140' title='bbox 448 1829 519 1908; x_wconf 76' lang='lat' dir='ltr'>rio,</span> <span class='ocrx_word' id='word_1_141' title='bbox 545 1829 584 1890; x_wconf 88' lang='grc'>10</span> <span class='ocrx_word' id='word_1_142' title='bbox 609 1830 811 1891; x_wconf 83' lang='lat' dir='ltr'>continuatur</span> <span class='ocrx_word' id='word_1_143' title='bbox 833 1829 957 1910; x_wconf 88' lang='lat' dir='ltr'>glossae</span> <span class='ocrx_word' id='word_1_144' title='bbox 980 1853 1023 1911; x_wconf 86' lang='grc' dir='ltr'>ω,</span> <span class='ocrx_word' id='word_1_145' title='bbox 1048 1828 1079 1889; x_wconf 90' lang='lat' dir='ltr'>id</span> <span class='ocrx_word' id='word_1_146' title='bbox 1105 1847 1205 1890; x_wconf 90' lang='lat' dir='ltr'>unum</span> <span class='ocrx_word' id='word_1_147' title='bbox 1228 1827 1343 1907; x_wconf 80' lang='lat' dir='ltr'>nescio,</span> 
     </span>
     <span class='ocr_line' id='line_1_17' title="bbox 57 1935 418 2020; baseline -0.008 -21"><span class='ocrx_word' id='word_1_148' title='bbox 57 1936 218 2020; x_wconf 90' lang='lat' dir='ltr'>quomodo</span> <span class='ocrx_word' id='word_1_149' title='bbox 244 1935 418 2018; x_wconf 83' lang='lat' dir='ltr'>expediam.</span> 
     </span>
    </p>

    <p class='ocr_par' dir='ltr' id='par_1_8' title="bbox 55 2038 1416 2766">
     <span class='ocr_line' id='line_1_18' title="bbox 149 2038 1344 2122; baseline -0.003 -18"><span class='ocrx_word' id='word_1_150' title='bbox 149 2041 267 2104; x_wconf 87' lang='lat' dir='ltr'>Omnes</span> <span class='ocrx_word' id='word_1_151' title='bbox 295 2043 359 2104; x_wconf 88' lang='lat' dir='ltr'>iam</span> <span class='ocrx_word' id='word_1_152' title='bbox 382 2060 454 2105; x_wconf 87' lang='lat' dir='ltr'>cum</span> <span class='ocrx_word' id='word_1_153' title='bbox 479 2042 622 2104; x_wconf 89' lang='lat' dir='ltr'>attulisse</span> <span class='ocrx_word' id='word_1_154' title='bbox 650 2041 727 2103; x_wconf 92' lang='lat' dir='ltr'>mihi</span> <span class='ocrx_word' id='word_1_155' title='bbox 757 2041 865 2103; x_wconf 82' lang='lat' dir='ltr'>videar</span> <span class='ocrx_word' id='word_1_156' title='bbox 887 2041 972 2102; x_wconf 91' lang='lat' dir='ltr'>locos</span> <span class='ocrx_word' id='word_1_157' title='bbox 1002 2038 1117 2122; x_wconf 91' lang='lat' dir='ltr'>quibus</span> <span class='ocrx_word' id='word_1_158' title='bbox 1146 2038 1303 2102; x_wconf 89' lang='lat' dir='ltr'>receditur</span> <span class='ocrx_word' id='word_1_159' title='bbox 1325 2058 1344 2100; x_wconf 92' lang='lat' dir='ltr'>a</span> 
     </span>
     <span class='ocr_line' id='line_1_19' title="bbox 55 2147 1343 2234; baseline -0.004 -21"><span class='ocrx_word' id='word_1_160' title='bbox 55 2151 139 2234; x_wconf 87' lang='lat' dir='ltr'>lege,</span> <span class='ocrx_word' id='word_1_161' title='bbox 168 2168 238 2211; x_wconf 90' lang='lat' dir='ltr'>eam</span> <span class='ocrx_word' id='word_1_162' title='bbox 267 2167 330 2210; x_wconf 96' lang='lat' dir='ltr'>non</span> <span class='ocrx_word' id='word_1_163' title='bbox 359 2148 549 2211; x_wconf 88' lang='lat' dir='ltr'>infirmatam</span> <span class='ocrx_word' id='word_1_164' title='bbox 579 2167 647 2210; x_wconf 90' lang='lat' dir='ltr'>esse</span> <span class='ocrx_word' id='word_1_165' title='bbox 676 2148 808 2231; x_wconf 90' lang='lat' dir='ltr'>quihbet</span> <span class='ocrx_word' id='word_1_166' title='bbox 835 2148 928 2210; x_wconf 88' lang='lat' dir='ltr'>videt.</span> <span class='ocrx_word' id='word_1_167' title='bbox 985 2147 1029 2208; x_wconf 84' lang='lat' dir='ltr'>At</span> <span class='ocrx_word' id='word_1_168' title='bbox 1056 2147 1247 2230; x_wconf 84' lang='lat' dir='ltr'>Apollonius</span> <span class='ocrx_word' id='word_1_169' title='bbox 1275 2147 1343 2227; x_wconf 91' lang='lat' dir='ltr'>ipse</span> 
     </span>
     <span class='ocr_line' id='line_1_20' title="bbox 55 2253 1416 2338; baseline -0.002 -20"><span class='ocrx_word' id='word_1_170' title='bbox 55 2256 150 2319; x_wconf 75' lang='lat' dir='ltr'>valde</span> <span class='ocrx_word' id='word_1_171' title='bbox 167 2254 276 2317; x_wconf 91' lang='lat' dir='ltr'>dubito</span> <span class='ocrx_word' id='word_1_172' title='bbox 300 2274 378 2317; x_wconf 92' lang='lat' dir='ltr'>num</span> <span class='ocrx_word' id='word_1_173' title='bbox 402 2262 510 2318; x_wconf 86' lang='lat' dir='ltr'>auctor</span> <span class='ocrx_word' id='word_1_174' title='bbox 533 2255 628 2317; x_wconf 88' lang='lat' dir='ltr'>fuerit</span> <span class='ocrx_word' id='word_1_175' title='bbox 652 2255 746 2317; x_wconf 88' lang='lat' dir='ltr'>huius</span> <span class='ocrx_word' id='word_1_176' title='bbox 772 2255 901 2326; x_wconf 85' lang='lat' dir='ltr'>ordinis,</span> <span class='ocrx_word' id='word_1_177' title='bbox 923 2256 1039 2338; x_wconf 88' lang='lat' dir='ltr'>quippe</span> <span class='ocrx_word' id='word_1_178' title='bbox 1063 2256 1115 2318; x_wconf 91' lang='lat' dir='ltr'>cui</span> <span class='ocrx_word' id='word_1_179' title='bbox 1132 2254 1251 2316; x_wconf 86' lang='lat' dir='ltr'>multae</span> <span class='ocrx_word' id='word_1_180' title='bbox 1269 2253 1343 2316; x_wconf 91' lang='lat' dir='ltr'>illae</span> <span class='ocrx_word' id='word_1_181' title='bbox 1413 2319 1416 2325; x_wconf 58' lang='grc'><strong>,</strong></span> 
     </span>
     <span class='ocr_line' id='line_1_21' title="bbox 56 2336 1343 2446; baseline -0.004 -21"><span class='ocrx_word' id='word_1_182' title='bbox 56 2362 267 2446; x_wconf 85' lang='lat' dir='ltr'>interpolatae</span> <span class='ocrx_word' id='word_1_183' title='bbox 305 2362 431 2444; x_wconf 90' lang='lat' dir='ltr'>glossae</span> <span class='ocrx_word' id='word_1_184' title='bbox 468 2381 546 2444; x_wconf 90' lang='lat' dir='ltr'>quas</span> <span class='ocrx_word' id='word_1_185' title='bbox 583 2361 665 2422; x_wconf 87' lang='lat' dir='ltr'>infra</span> <span class='ocrx_word' id='word_1_186' title='bbox 697 2362 900 2426; x_wconf 90' lang='lat' dir='ltr'>tractabimus</span> <span class='ocrx_word' id='word_1_187' title='bbox 935 2363 1052 2444; x_wconf 91' lang='lat' dir='ltr'>optime</span> <span class='ocrx_word' id='word_1_188' title='bbox 1085 2336 1215 2423; x_wconf 78' lang='lat' dir='ltr'>cedant‘</span> <span class='ocrx_word' id='word_1_189' title='bbox 1256 2356 1343 2433; x_wconf 78' lang='lat' dir='ltr'>Quae</span> 
     </span>
     <span class='ocr_line' id='line_1_22' title="bbox 58 2466 1343 2554; baseline -0.004 -21"><span class='ocrx_word' id='word_1_190' title='bbox 58 2471 197 2554; x_wconf 89' lang='lat' dir='ltr'>suspicio</span> <span class='ocrx_word' id='word_1_191' title='bbox 225 2477 371 2553; x_wconf 76' lang='lat' dir='ltr'>augetur,</span> <span class='ocrx_word' id='word_1_192' title='bbox 400 2470 483 2552; x_wconf 92' lang='lat' dir='ltr'>quod</span> <span class='ocrx_word' id='word_1_193' title='bbox 514 2470 563 2549; x_wconf 88' lang='grc'>90,</span> <span class='ocrx_word' id='word_1_194' title='bbox 589 2469 629 2532; x_wconf 93' lang='grc'>16</span> <span class='ocrx_word' id='word_1_195' title='bbox 655 2468 724 2554; x_wconf 65' lang='lat' dir='ltr'>apog</span> <span class='ocrx_word' id='word_1_196' title='bbox 746 2471 780 2530; x_wconf 92' lang='grc'>16</span> <span class='ocrx_word' id='word_1_197' title='bbox 804 2470 883 2531; x_wconf 89' lang='lat' dir='ltr'>serie</span> <span class='ocrx_word' id='word_1_198' title='bbox 906 2468 1133 2531; x_wconf 89' lang='lat' dir='ltr'>vocabulorum</span> <span class='ocrx_word' id='word_1_199' title='bbox 1157 2466 1343 2533; x_wconf 76' lang='grc' dir='ltr'><strong>66ι1111666</strong></span> 
     </span>
     <span class='ocr_line' id='line_1_23' title="bbox 59 2571 1339 2662; baseline -0.002 -23"><span class='ocrx_word' id='word_1_200' title='bbox 59 2577 281 2659; x_wconf 89' lang='lat' dir='ltr'>incipientium</span> <span class='ocrx_word' id='word_1_201' title='bbox 300 2576 471 2644; x_wconf 87' lang='lat' dir='ltr'>invenitur,</span> <span class='ocrx_word' id='word_1_202' title='bbox 497 2594 570 2637; x_wconf 92' lang='lat' dir='ltr'>cum</span> <span class='ocrx_word' id='word_1_203' title='bbox 585 2575 791 2659; x_wconf 83' lang='lat' dir='ltr'>Apollonium</span> <span class='ocrx_word' id='word_1_204' title='bbox 804 2571 874 2662; x_wconf 81' lang='grc' dir='ltr'><em>ἥϊος</em></span> <span class='ocrx_word' id='word_1_205' title='bbox 890 2575 1053 2657; x_wconf 89' lang='lat' dir='ltr'>scripsisse</span> <span class='ocrx_word' id='word_1_206' title='bbox 1072 2573 1274 2636; x_wconf 86' lang='lat' dir='ltr'>manifestum</span> <span class='ocrx_word' id='word_1_207' title='bbox 1291 2573 1339 2636; x_wconf 91' lang='lat' dir='ltr'>sit.</span> 
     </span>
     <span class='ocr_line' id='line_1_24' title="bbox 59 2681 831 2766; baseline -0.005 -19"><span class='ocrx_word' id='word_1_208' title='bbox 59 2685 96 2747; x_wconf 86' lang='lat' dir='ltr'>cf.</span> <span class='ocrx_word' id='word_1_209' title='bbox 121 2684 270 2746; x_wconf 80' lang='lat' dir='ltr'>Tollius</span> <span class='ocrx_word' id='word_1_210' title='bbox 294 2706 316 2745; x_wconf 91' lang='lat' dir='ltr'>s.</span> <span class='ocrx_word' id='word_1_211' title='bbox 341 2704 368 2744; x_wconf 87' lang='lat' dir='ltr'>v.</span> <span class='ocrx_word' id='word_1_212' title='bbox 394 2690 488 2766; x_wconf 90' lang='lat' dir='ltr'>atque</span> <span class='ocrx_word' id='word_1_213' title='bbox 510 2681 683 2745; x_wconf 82' lang='lat' dir='ltr'>Lehrsius3</span> <span class='ocrx_word' id='word_1_214' title='bbox 705 2703 733 2764; x_wconf 89' lang='lat' dir='ltr'>p.</span> <span class='ocrx_word' id='word_1_215' title='bbox 760 2682 831 2744; x_wconf 85' lang='grc'><strong>326.</strong></span> 
     </span>
    </p>
   </div>
   <div class='ocr_carea' id='block_1_3' title="bbox 35 2879 1344 4498">
    <p class='ocr_par' dir='ltr' id='par_1_9' title="bbox 667 2879 739 2958">
     <span class='ocr_line' id='line_1_25' title="bbox 667 2879 739 2958; baseline -0.028 -18"><span class='ocrx_word' id='word_1_216' title='bbox 667 2879 685 2958; x_wconf 66' lang='grc' dir='ltr'><strong>ξ</strong></span> <span class='ocrx_word' id='word_1_217' title='bbox 712 2879 739 2940; x_wconf 91' lang='grc'>3.</span> 
     </span>
    </p>

    <p class='ocr_par' dir='ltr' id='par_1_10' title="bbox 56 3019 1341 3427">
     <span class='ocr_line' id='line_1_26' title="bbox 148 3019 1341 3106; baseline -0.005 -19"><span class='ocrx_word' id='word_1_218' title='bbox 148 3024 318 3087; x_wconf 83' lang='lat' dir='ltr'>Enimvero</span> <span class='ocrx_word' id='word_1_219' title='bbox 357 3024 595 3106; x_wconf 86' lang='lat' dir='ltr'>interpolatores</span> <span class='ocrx_word' id='word_1_220' title='bbox 635 3022 735 3084; x_wconf 89' lang='lat' dir='ltr'>multo</span> <span class='ocrx_word' id='word_1_221' title='bbox 772 3022 872 3104; x_wconf 89' lang='lat' dir='ltr'>magis</span> <span class='ocrx_word' id='word_1_222' title='bbox 908 3040 1005 3104; x_wconf 89' lang='lat' dir='ltr'>quam</span> <span class='ocrx_word' id='word_1_223' title='bbox 1043 3022 1147 3082; x_wconf 84' lang='lat' dir='ltr'>visum</span> <span class='ocrx_word' id='word_1_224' title='bbox 1185 3025 1231 3082; x_wconf 90' lang='lat' dir='ltr'>est</span> <span class='ocrx_word' id='word_1_225' title='bbox 1265 3019 1341 3081; x_wconf 89' lang='lat' dir='ltr'>viris</span> 
     </span>
     <span class='ocr_line' id='line_1_27' title="bbox 58 3126 1340 3213; baseline -0.005 -19"><span class='ocrx_word' id='word_1_226' title='bbox 58 3133 160 3194; x_wconf 87' lang='lat' dir='ltr'>doctis</span> <span class='ocrx_word' id='word_1_227' title='bbox 183 3133 355 3213; x_wconf 84' lang='lat' dir='ltr'>genuinam</span> <span class='ocrx_word' id='word_1_228' title='bbox 378 3131 472 3192; x_wconf 80' lang='lat' dir='ltr'>lexici</span> <span class='ocrx_word' id='word_1_229' title='bbox 495 3130 628 3192; x_wconf 87' lang='lat' dir='ltr'>formam</span> <span class='ocrx_word' id='word_1_230' title='bbox 653 3129 911 3211; x_wconf 87' lang='lat' dir='ltr'>depravaverunt.</span> <span class='ocrx_word' id='word_1_231' title='bbox 958 3126 1024 3189; x_wconf 86' lang='lat' dir='ltr'>Nec</span> <span class='ocrx_word' id='word_1_232' title='bbox 1047 3146 1195 3209; x_wconf 88' lang='lat' dir='ltr'>magnam</span> <span class='ocrx_word' id='word_1_233' title='bbox 1212 3126 1340 3208; x_wconf 90' lang='lat' dir='ltr'>quidem</span> 
     </span>
     <span class='ocr_line' id='line_1_28' title="bbox 56 3233 1341 3318; baseline -0.004 -20"><span class='ocrx_word' id='word_1_234' title='bbox 56 3241 123 3300; x_wconf 87' lang='lat' dir='ltr'>vim</span> <span class='ocrx_word' id='word_1_235' title='bbox 152 3236 256 3300; x_wconf 89' lang='lat' dir='ltr'>tribuo</span> <span class='ocrx_word' id='word_1_236' title='bbox 284 3238 358 3299; x_wconf 87' lang='lat' dir='ltr'>huic</span> <span class='ocrx_word' id='word_1_237' title='bbox 386 3238 441 3315; x_wconf 90' lang='lat' dir='ltr'>rei,</span> <span class='ocrx_word' id='word_1_238' title='bbox 473 3237 556 3318; x_wconf 90' lang='lat' dir='ltr'>quod</span> <span class='ocrx_word' id='word_1_239' title='bbox 582 3236 753 3299; x_wconf 90' lang='lat' dir='ltr'>nonnullae</span> <span class='ocrx_word' id='word_1_240' title='bbox 781 3234 904 3317; x_wconf 89' lang='lat' dir='ltr'>glossae</span> <span class='ocrx_word' id='word_1_241' title='bbox 928 3233 966 3295; x_wconf 88' lang='lat' dir='ltr'>ab</span> <span class='ocrx_word' id='word_1_242' title='bbox 995 3234 1135 3296; x_wconf 91' lang='lat' dir='ltr'>Homero</span> <span class='ocrx_word' id='word_1_243' title='bbox 1159 3233 1280 3295; x_wconf 86' lang='lat' dir='ltr'>ahenae</span> <span class='ocrx_word' id='word_1_244' title='bbox 1304 3251 1341 3293; x_wconf 92' lang='lat' dir='ltr'>eo</span> 
     </span>
     <span class='ocr_line' id='line_1_29' title="bbox 56 3340 1304 3427; baseline -0.005 -20"><span class='ocrx_word' id='word_1_245' title='bbox 56 3347 261 3427; x_wconf 90' lang='lat' dir='ltr'>irrepserunt.</span> <span class='ocrx_word' id='word_1_246' title='bbox 310 3342 451 3418; x_wconf 79' lang='lat' dir='ltr'>Quarum</span> <span class='ocrx_word' id='word_1_247' title='bbox 474 3361 592 3426; x_wconf 88' lang='lat' dir='ltr'>paucae</span> <span class='ocrx_word' id='word_1_248' title='bbox 616 3341 654 3404; x_wconf 89' lang='lat' dir='ltr'>ab</span> <span class='ocrx_word' id='word_1_249' title='bbox 678 3341 847 3421; x_wconf 88' lang='lat' dir='ltr'>Apollonio</span> <span class='ocrx_word' id='word_1_250' title='bbox 871 3342 938 3424; x_wconf 92' lang='lat' dir='ltr'>ipso</span> <span class='ocrx_word' id='word_1_251' title='bbox 962 3340 1126 3403; x_wconf 78' lang='lat' dir='ltr'>fluxerunt</span> <span class='ocrx_word' id='word_1_252' title='bbox 1153 3340 1188 3402; x_wconf 86' lang='lat' dir='ltr'>cf.</span> <span class='ocrx_word' id='word_1_253' title='bbox 1214 3359 1238 3402; x_wconf 92' lang='grc'>6.</span> <span class='ocrx_word' id='word_1_254' title='bbox 1261 3362 1304 3422; x_wconf 92' lang='lat' dir='ltr'>g.:</span> 
     </span>
    </p>

    <p class='ocr_par' dir='ltr' id='par_1_11' title="bbox 56 3445 1343 3750">
     <span class='ocr_line' id='line_1_30' title="bbox 151 3445 1343 3534; baseline 0.001 -22"><span class='ocrx_word' id='word_1_255' title='bbox 151 3451 221 3523; x_wconf 87' lang='grc'><strong>163,</strong></span> <span class='ocrx_word' id='word_1_256' title='bbox 241 3453 289 3514; x_wconf 85' lang='grc'>15.</span> <span class='ocrx_word' id='word_1_257' title='bbox 309 3455 387 3534; x_wconf 89' lang='grc' dir='ltr'>φίν.</span> <span class='ocrx_word' id='word_1_258' title='bbox 410 3447 565 3517; x_wconf 77' lang='grc' dir='ltr'><em>εἰόβασιν</em></span> <span class='ocrx_word' id='word_1_259' title='bbox 577 3446 648 3516; x_wconf 78' lang='grc' dir='ltr'><em>ἀντὶ</em></span> <span class='ocrx_word' id='word_1_260' title='bbox 664 3456 722 3516; x_wconf 85' lang='grc' dir='ltr'>τοῦ</span> <span class='ocrx_word' id='word_1_261' title='bbox 735 3452 809 3532; x_wconf 89' lang='grc' dir='ltr'><em>σφέν</em></span> <span class='ocrx_word' id='word_1_262' title='bbox 825 3445 1053 3533; x_wconf 77' lang='grc' dir='ltr'><em>άντωνυμικώς</em></span> <span class='ocrx_word' id='word_1_263' title='bbox 1070 3455 1207 3534; x_wconf 76' lang='grc' dir='ltr'><em>χρῆσθαι</em></span> <span class='ocrx_word' id='word_1_264' title='bbox 1223 3454 1264 3531; x_wconf 75' lang='grc' dir='ltr'>τῇ</span> <span class='ocrx_word' id='word_1_265' title='bbox 1279 3451 1343 3530; x_wconf 87' lang='grc' dir='ltr'><strong>φίν,</strong></span> 
     </span>
     <span class='ocr_line' id='line_1_31' title="bbox 57 3551 1343 3645; baseline -0.004 -18"><span class='ocrx_word' id='word_1_266' title='bbox 57 3557 130 3627; x_wconf 76' lang='grc' dir='ltr'><em>ἀντὶ</em></span> <span class='ocrx_word' id='word_1_267' title='bbox 152 3569 212 3626; x_wconf 82' lang='grc' dir='ltr'>τοῦ</span> <span class='ocrx_word' id='word_1_268' title='bbox 235 3556 344 3635; x_wconf 79' lang='grc' dir='ltr'><em>αὐτοῖς</em></span> <span class='ocrx_word' id='word_1_269' title='bbox 367 3555 388 3645; x_wconf 77' lang='grc' dir='ltr'><em>ἢ</em></span> <span class='ocrx_word' id='word_1_270' title='bbox 406 3556 524 3634; x_wconf 64' lang='lat' dir='ltr'>cairate.</span> <span class='ocrx_word' id='word_1_271' title='bbox 571 3554 630 3641; x_wconf 76' lang='grc' dir='ltr'>οὐχ</span> <span class='ocrx_word' id='word_1_272' title='bbox 653 3557 831 3641; x_wconf 81' lang='grc' dir='ltr'><em>εὑρίσκεται</em></span> <span class='ocrx_word' id='word_1_273' title='bbox 854 3559 891 3622; x_wconf 44' lang='grc' dir='ltr'>δέι</span> <span class='ocrx_word' id='word_1_274' title='bbox 914 3553 980 3640; x_wconf 69' lang='grc' dir='ltr'>παῤ</span> <span class='ocrx_word' id='word_1_275' title='bbox 1003 3552 1133 3643; x_wconf 78' lang='grc' dir='ltr'><strong>Ὁμήρῳ,</strong></span> <span class='ocrx_word' id='word_1_276' title='bbox 1158 3551 1203 3631; x_wconf 69' lang='lat' dir='ltr'>uic</span> <span class='ocrx_word' id='word_1_277' title='bbox 1224 3551 1343 3622; x_wconf 80' lang='grc' dir='ltr'><em>Ἀντίων</em></span> 
     </span>
     <span class='ocr_line' id='line_1_32' title="bbox 56 3671 201 3750; baseline -0.014 -17"><span class='ocrx_word' id='word_1_278' title='bbox 56 3671 201 3750; x_wconf 84' lang='grc' dir='ltr'><em>τέταχεν.</em></span> 
     </span>
    </p>

    <p class='ocr_par' dir='ltr' id='par_1_12' title="bbox 148 3767 1344 3853">
     <span class='ocr_line' id='line_1_33' title="bbox 148 3767 1344 3853; baseline -0.004 -19"><span class='ocrx_word' id='word_1_279' title='bbox 148 3771 328 3834; x_wconf 87' lang='lat' dir='ltr'>Nonnullae</span> <span class='ocrx_word' id='word_1_280' title='bbox 352 3776 456 3833; x_wconf 88' lang='lat' dir='ltr'>autem</span> <span class='ocrx_word' id='word_1_281' title='bbox 479 3771 601 3853; x_wconf 78' lang='lat' dir='ltr'>glossae</span> <span class='ocrx_word' id='word_1_282' title='bbox 630 3767 668 3830; x_wconf 89' lang='lat' dir='ltr'>ab</span> <span class='ocrx_word' id='word_1_283' title='bbox 690 3767 829 3830; x_wconf 91' lang='lat' dir='ltr'>Homero</span> <span class='ocrx_word' id='word_1_284' title='bbox 846 3768 965 3830; x_wconf 88' lang='lat' dir='ltr'>alienae</span> <span class='ocrx_word' id='word_1_285' title='bbox 989 3767 1062 3830; x_wconf 90' lang='lat' dir='ltr'>inde</span> <span class='ocrx_word' id='word_1_286' title='bbox 1086 3768 1245 3850; x_wconf 90' lang='lat' dir='ltr'>ingressae</span> <span class='ocrx_word' id='word_1_287' title='bbox 1269 3773 1344 3829; x_wconf 91' lang='grc'><strong>6661</strong></span> 
     </span>
    </p>

    <p class='ocr_par' dir='ltr' id='par_1_13' title="bbox 35 3873 1343 4498">
     <span class='ocr_line' id='line_1_34' title="bbox 35 3873 1343 3960; baseline -0.004 -19"><span class='ocrx_word' id='word_1_288' title='bbox 35 3927 37 3930; x_wconf 86' lang='grc'>-</span> <span class='ocrx_word' id='word_1_289' title='bbox 57 3881 93 3942; x_wconf 90' lang='grc'>16</span> <span class='ocrx_word' id='word_1_290' title='bbox 116 3880 254 3957; x_wconf 72' lang='lat' dir='ltr'>lexicon,</span> <span class='ocrx_word' id='word_1_291' title='bbox 279 3877 362 3960; x_wconf 87' lang='lat' dir='ltr'>quod</span> <span class='ocrx_word' id='word_1_292' title='bbox 387 3877 425 3940; x_wconf 90' lang='lat' dir='ltr'>ab</span> <span class='ocrx_word' id='word_1_293' title='bbox 446 3879 484 3939; x_wconf 88' lang='lat' dir='ltr'>iis</span> <span class='ocrx_word' id='word_1_294' title='bbox 508 3896 600 3938; x_wconf 88' lang='lat' dir='ltr'>voces</span> <span class='ocrx_word' id='word_1_295' title='bbox 625 3875 779 3958; x_wconf 89' lang='lat' dir='ltr'>quaedam</span> <span class='ocrx_word' id='word_1_296' title='bbox 796 3873 983 3936; x_wconf 88' lang='lat' dir='ltr'>Homericae</span> <span class='ocrx_word' id='word_1_297' title='bbox 1002 3875 1154 3956; x_wconf 92' lang='lat' dir='ltr'>originem</span> <span class='ocrx_word' id='word_1_298' title='bbox 1178 3880 1343 3936; x_wconf 86' lang='lat' dir='ltr'>traxerunt</span> 
     </span>
     <span class='ocr_line' id='line_1_35' title="bbox 59 3977 1342 4072; baseline -0.004 -21"><span class='ocrx_word' id='word_1_299' title='bbox 59 3989 95 4051; x_wconf 86' lang='lat' dir='ltr'>cf.</span> <span class='ocrx_word' id='word_1_300' title='bbox 116 3988 188 4069; x_wconf 87' lang='grc'><strong>161,</strong></span> <span class='ocrx_word' id='word_1_301' title='bbox 207 3988 248 4051; x_wconf 83' lang='grc'>33</span> <span class='ocrx_word' id='word_1_302' title='bbox 272 3989 428 4072; x_wconf 76' lang='grc' dir='ltr'><em>φέρβειν</em></span> <span class='ocrx_word' id='word_1_303' title='bbox 451 3989 580 4070; x_wconf 88' lang='grc' dir='ltr'><em>τρέφειν</em></span> <span class='ocrx_word' id='word_1_304' title='bbox 597 3979 679 4050; x_wconf 65' lang='grc' dir='ltr'><em>ὅθεν</em></span> <span class='ocrx_word' id='word_1_305' title='bbox 697 3986 750 4049; x_wconf 85' lang='grc' dir='ltr'>καὶ</span> <span class='ocrx_word' id='word_1_306' title='bbox 772 3979 833 4069; x_wconf 70' lang='grc' dir='ltr'>τήν</span> <span class='ocrx_word' id='word_1_307' title='bbox 855 3989 915 4068; x_wconf 74' lang='grc' dir='ltr'>γῆν</span> <span class='ocrx_word' id='word_1_308' title='bbox 938 3977 1201 4067; x_wconf 85' lang='grc' dir='ltr'><em>πολυφόρβην·</em></span> <span class='ocrx_word' id='word_1_309' title='bbox 1226 3988 1342 4064; x_wconf 73' lang='grc' dir='ltr'><em>,πολυ-</em></span> 
     </span>
     <span class='ocr_line' id='line_1_36' title="bbox 58 4084 1342 4181; baseline -0.007 -21"><span class='ocrx_word' id='word_1_310' title='bbox 58 4094 183 4181; x_wconf 90' lang='grc' dir='ltr'><em>φόρβου</em></span> <span class='ocrx_word' id='word_1_311' title='bbox 206 4099 341 4180; x_wconf 77' lang='grc' dir='ltr'><em>πείρατα</em></span> <span class='ocrx_word' id='word_1_312' title='bbox 359 4092 478 4180; x_wconf 82' lang='grc' dir='ltr'><em>γαίης”.</em></span> <span class='ocrx_word' id='word_1_313' title='bbox 503 4090 567 4160; x_wconf 66' lang='lat' dir='ltr'>eiad</span> <span class='ocrx_word' id='word_1_314' title='bbox 591 4094 627 4158; x_wconf 81' lang='grc' dir='ltr'>δέ</span> <span class='ocrx_word' id='word_1_315' title='bbox 644 4097 702 4177; x_wconf 74' lang='grc' dir='ltr'>τῆς</span> <span class='ocrx_word' id='word_1_316' title='bbox 717 4086 815 4176; x_wconf 67' lang='grc' dir='ltr'><em>αὐτῆς</em></span> <span class='ocrx_word' id='word_1_317' title='bbox 838 4089 962 4165; x_wconf 79' lang='grc' dir='ltr'><em>ἐννοίας</em></span> <span class='ocrx_word' id='word_1_318' title='bbox 976 4092 1030 4155; x_wconf 79' lang='grc' dir='ltr'>καὶ</span> <span class='ocrx_word' id='word_1_319' title='bbox 1046 4084 1064 4154; x_wconf 88' lang='grc' dir='ltr'><em>δ</em></span> <span class='ocrx_word' id='word_1_320' title='bbox 1080 4085 1271 4172; x_wconf 81' lang='grc' dir='ltr'><em>συφορβός</em></span> <span class='ocrx_word' id='word_1_321' title='bbox 1287 4093 1342 4162; x_wconf 87' lang='grc'><strong>616,</strong></span> 
     </span>
     <span class='ocr_line' id='line_1_37' title="bbox 62 4189 1342 4286; baseline -0.004 -22"><span class='ocrx_word' id='word_1_322' title='bbox 62 4203 134 4276; x_wconf 82' lang='grc'><strong>116,</strong></span> <span class='ocrx_word' id='word_1_323' title='bbox 160 4203 200 4264; x_wconf 87' lang='grc'>30</span> <span class='ocrx_word' id='word_1_324' title='bbox 225 4199 374 4282; x_wconf 74' lang='grc' dir='ltr'><em>εδλέυαι,</em></span> <span class='ocrx_word' id='word_1_325' title='bbox 398 4195 510 4286; x_wconf 79' lang='grc' dir='ltr'><em>πήχεις</em></span> <span class='ocrx_word' id='word_1_326' title='bbox 532 4195 585 4282; x_wconf 77' lang='grc' dir='ltr'>ἀφ’</span> <span class='ocrx_word' id='word_1_327' title='bbox 604 4191 643 4263; x_wconf 84' lang='grc' dir='ltr'>οδ</span> <span class='ocrx_word' id='word_1_328' title='bbox 666 4199 719 4262; x_wconf 82' lang='grc' dir='ltr'>καὶ</span> <span class='ocrx_word' id='word_1_329' title='bbox 743 4192 960 4278; x_wconf 70' lang='grc' dir='ltr'><em>,λευκώλενος</em></span> <span class='ocrx_word' id='word_1_330' title='bbox 972 4189 1070 4280; x_wconf 71' lang='lat' dir='ltr'>‘&#39;Hpq“</span> <span class='ocrx_word' id='word_1_331' title='bbox 1089 4189 1109 4280; x_wconf 82' lang='grc' dir='ltr'><em>ἡ</em></span> <span class='ocrx_word' id='word_1_332' title='bbox 1133 4191 1342 4280; x_wconf 75' lang='grc' dir='ltr'><em>λενιιόπηχυς.</em></span> 
     </span>
     <span class='ocr_line' id='line_1_38' title="bbox 61 4296 1342 4390; baseline -0.005 -20"><span class='ocrx_word' id='word_1_333' title='bbox 61 4310 135 4388; x_wconf 82' lang='grc'><strong>111,</strong></span> <span class='ocrx_word' id='word_1_334' title='bbox 160 4310 201 4369; x_wconf 86' lang='grc'>22</span> <span class='ocrx_word' id='word_1_335' title='bbox 226 4304 340 4390; x_wconf 78' lang='grc' dir='ltr'><em>ὥρεϊν</em></span> <span class='ocrx_word' id='word_1_336' title='bbox 363 4302 543 4389; x_wconf 87' lang='grc' dir='ltr'><em>φυλάσσειν,</em></span> <span class='ocrx_word' id='word_1_337' title='bbox 570 4298 651 4370; x_wconf 75' lang='grc' dir='ltr'><em>ὅθεν</em></span> <span class='ocrx_word' id='word_1_338' title='bbox 673 4304 727 4369; x_wconf 76' lang='grc' dir='ltr'>καὶ</span> <span class='ocrx_word' id='word_1_339' title='bbox 749 4297 924 4385; x_wconf 77' lang='grc' dir='ltr'><em>θυρωρός</em></span> <span class='ocrx_word' id='word_1_340' title='bbox 952 4303 1004 4367; x_wconf 75' lang='grc' dir='ltr'>καὶ</span> <span class='ocrx_word' id='word_1_341' title='bbox 1027 4296 1210 4383; x_wconf 82' lang='grc' dir='ltr'><em>πυλωρός.</em></span> <span class='ocrx_word' id='word_1_342' title='bbox 1258 4298 1342 4374; x_wconf 80' lang='lat' dir='ltr'>Quas</span> 
     </span>
     <span class='ocr_line' id='line_1_39' title="bbox 60 4405 1342 4498; baseline -0.006 -21"><span class='ocrx_word' id='word_1_343' title='bbox 60 4415 262 4498; x_wconf 87' lang='lat' dir='ltr'>Apollonium</span> <span class='ocrx_word' id='word_1_344' title='bbox 285 4415 454 4475; x_wconf 87' lang='lat' dir='ltr'>inseruisse</span> <span class='ocrx_word' id='word_1_345' title='bbox 471 4431 531 4472; x_wconf 83' lang='lat' dir='ltr'>nou</span> <span class='ocrx_word' id='word_1_346' title='bbox 550 4408 709 4492; x_wconf 87' lang='lat' dir='ltr'>probabile</span> <span class='ocrx_word' id='word_1_347' title='bbox 723 4407 767 4487; x_wconf 72' lang='lat' dir='ltr'>fit,</span> <span class='ocrx_word' id='word_1_348' title='bbox 791 4408 817 4469; x_wconf 90' lang='grc'>61</span> <span class='ocrx_word' id='word_1_349' title='bbox 834 4413 930 4469; x_wconf 88' lang='lat' dir='ltr'>totam</span> <span class='ocrx_word' id='word_1_350' title='bbox 947 4413 1068 4489; x_wconf 78' lang='lat' dir='ltr'>spectas</span> <span class='ocrx_word' id='word_1_351' title='bbox 1085 4407 1177 4467; x_wconf 88' lang='lat' dir='ltr'>lexici</span> <span class='ocrx_word' id='word_1_352' title='bbox 1194 4405 1342 4470; x_wconf 90' lang='lat' dir='ltr'>indolem.</span> 
     </span>
    </p>
   </div>
   <div class='ocr_carea' id='block_1_4' title="bbox 0 0 1493 4898">
    <p class='ocr_par' dir='ltr' id='par_1_14' title="bbox 0 0 1493 4898">
     <span class='ocr_line' id='line_1_40' title="bbox 0 0 1493 4898; baseline 0 0"><span class='ocrx_word' id='word_1_353' title='bbox 0 0 1493 4898; x_wconf 95' lang='lat' dir='ltr'> </span> 
     </span>
    </p>
   </div>
  </div>
 </body>
</html>
