2970 4898
594 131 813 197 ..ργ-

59 313 202 397 graphus
226 316 287 378 nisi
312 316 403 378 certis
427 314 600 376 rationibus
630 313 798 377 adductus:
827 319 863 377 ut
889 315 1040 397 principis
1067 310 1343 396 grammaticorum

59 423 203 505 insignes
228 423 381 505 quasdam
397 422 630 485 observationes
653 422 860 503 praedicaret,
884 423 1011 485 adeum
1035 422 1183 484 lectiones
1207 429 1238 483 ot
1260 422 1344 483 athe

60 534 143 592 teses
167 535 339 603 revocaret,
368 530 531 592 doctorum
560 529 771 592 dissensiones
795 536 943 592 narraret.
995 528 1036 592 nt
1063 547 1104 592 ne
1126 531 1193 612 ipse
1217 529 1344 610 quidem

60 635 242 697 reformidat
275 635 389 698 diserte
424 642 454 698 et
485 635 578 717 plane
601 635 783 698 Aristarcho
816 636 982 699 adversari.
1036 634 1105 709 Qua
1137 637 1168 696 in
1203 655 1236 697 re
1271 655 1344 697 omn

60 742 232 824 aliquando
255 745 287 804 in
306 762 426 806 errores
449 743 607 823 inciderit,
631 743 801 826 ahquando
824 745 941 806 rectius
957 744 1071 806 viderit
1095 763 1190 825 quam
1207 745 1343 806 Aristar·

61 848 156 929 chus,
179 868 295 911 sanum
318 855 402 911 certe
425 868 458 912 se
481 855 617 932 praestat
640 855 734 932 atque
758 855 886 912 cautum
910 851 1061 912 criticum.

151 953 240 1018 Haeo
263 962 338 1018 sunt
361 958 558 1019 testimonia:

198 1060 329 1149 ἰόμωροι
356 1065 405 1145 91,
431 1066 480 1126 24.

195 1168 445 1256 κερδαλεόφρων
471 1173 520 1256 98,
547 1173 598 1234 23.

197 1274 285 1345 λάων
311 1279 382 1359 107,
408 1281 457 1342 15.

196 1391 302 1470 νηλεῐς
328 1386 400 1466 llo,
425 1388 466 1450 22
491 1387 527 1448 of.
552 1407 580 1468 p.
606 1388 634 1448 4.

194 1489 389 1579 περιρρηδήε
416 1493 487 1564 130,
515 1495 541 1554 λ.

195 1606 319 1677 σκῶλος
344 1601 416 1672 143,
443 1602 471 1663 3.

193 1702 458 1791 ὑπερικταίνοντο
484 1708 556 1787 158,
580 1709 608 1769 8.

193 1808 445 1897 ῦπεροπλίσαιτο
473 1814 544 1893 159,
570 1814 620 1875 12.

149 1917 200 1979 Ex
233 1939 296 2001 qua
328 1920 408 1982 serie
440 1920 544 1981 solum
577 1920 655 1982 mihi
683 1918 779 1982 verba
810 1918 952 1981 facienda
979 1925 1105 2003 propter
1132 1919 1339 1982 Forsmanum

57 2045 87 2108 p.
113 2026 155 2087 38
180 2025 218 2087 de
247 2026 347 2108 capite
374 2023 624 2110 κερδαλεόφρων
650 2027 699 2100 98,
724 2027 784 2115 23..
827 2026 1030 2088 Aristarchus
1059 2027 1143 2088 enirn
1171 2046 1243 2089 cum
1270 2052 1341 2112 κερ-

59 2135 188 2214 δαλέος,
210 2130 472 2218 κερδαλεόφρον,
497 2138 664 2219 κέρδιστος
684 2136 790 2196 omnia
813 2133 1000 2212 „callidum”
1025 2133 1202 2217 significare
1224 2136 1341 2198 voluis-

58 2245 115 2312 set,
140 2239 176 2306 of.
200 2239 371 2303 Lehrsius3
393 2261 421 2323 p.
441 2242 521 2320 117,
545 2240 733 2324 Apollonius
753 2241 830 2303 alios
853 2241 1073 2323 grammaticos
1092 2248 1218 2303 secutus
1234 2242 1343 2304 statuit

58 2349 235 2431 κερδαλέον
258 2365 326 2409 esse
355 2346 578 2428 „lucrificum“‚
613 2344 862 2434 κερδαλεόφρων
885 2348 984 2428 „lucri
1006 2347 1186 2430 cupidum”,
1220 2349 1342 2431 solique

58 2454 129 2514 voci
160 2456 328 2537 κέρδιστος
359 2455 519 2516 notionem
551 2455 694 2537 permisit
728 2453 881 2535 ,‚oal]idi”.
939 2452 1084 2516 Ceterum
1119 2460 1212 2537 caput
1242 2456 1291 2535 98,
1322 2456 1338 2517 1
1445 2539 1447 2543 Ι

58 2562 234 2646 κερδαλέον
250 2567 280 2622 et
303 2561 499 2623 decurtatum
516 2567 547 2623 et
570 2561 773 2644 depravatum
790 2565 850 2633 est,
875 2560 911 2623 of.
930 2559 1111 2640 Hesychius
1127 2581 1151 2624 s.
1168 2581 1212 2622 u:
1230 2557 1340 2629 δόλιον

58 2665 286 2755 πανοῦργονῆ
308 2672 410 2755 κέρδη
433 2677 665 2753 περιποιοῦντα
687 2671 761 2750 (καὶ)
786 2668 949 2755 ὠφελείας.
991 2671 1098 2752 Atque
1122 2671 1216 2732 etiarn
1232 2668 1280 2731 Et.
1299 2669 1339 2732 M.

59 2775 148 2838 affert
171 2776 291 2859 ahquid
307 2778 346 2839 ad
362 2778 566 2861 Apollonium
584 2779 829 2841 emendandum:
855 2779 929 2859 505,
954 2779 995 2840 53
1012 2775 1126 2862 ,ξἘνθα
1143 2781 1180 2844 δὲ·
1197 2781 1342 2861 Σίσοφος

59 2882 164 2962 ἔσκεν,
193 2878 400 2967 όκέρδιστος
423 2881 524 2969 γένετ’
553 2882 700 2965 οἷνδραῖν(ι
724 2881 796 2951 ἀντὶ
823 2893 882 2952 τοῦ
910 2880 1142 2960 σινετοότατος.
1171 2887 1341 2968 κέρδιστον

59 2989 119 3074 γαρ
141 2986 200 3056 τόν
222 2985 447 3057 σννεταότατόν
469 3011 578 3074 φασιν.
606 2988 645 3058 οῦ
667 2987 728 3076 γδρ
751 2989 792 3059 ἄν
814 2988 872 3059 τόν
895 2987 1057 3076 πρόγονον
1080 2989 1180 3057 αὐτοῦ
1202 3013 1340 3075 πανουρ-

58 3094 197 3182 γότατον
220 3093 323 3163 εἶπεν.
353 3096 384 3162 οἱ
412 3099 448 3163 δὲ
478 3095 631 3183 νεώτεροι
657 3097 718 3184 τόν
746 3101 831 3181 λέξιν
862 3098 915 3164 ἐπὶ
942 3104 1002 3164 τοῦ
1029 3101 1239 3181 φιλοκερδοῦς
1265 3103 1339 3182 λαγι-

58 3201 222 3286 βόνονσιν.
247 3205 282 3266 cf.
301 3203 491 3267 Carnuthius
508 3206 546 3268 de
562 3206 609 3268 Et.
627 3205 667 3267 M.
684 3205 703 3267 f.
719 3205 735 3267 I
753 3206 802 3269 15.
839 3205 983 3268 Fortasse
998 3206 1095 3288 igitur
1114 3205 1202 3266 locus
1225 3205 1280 3287 Ap.
1297 3206 1341 3266 ita

59 3312 272 3375 restituendus
296 3317 354 3393 est:
379 3315 592 3397 κερδαλέον
616 3310 726 3380 δόλιον
741 3321 927 3397 πανοῦργον
950 3309 971 3399 ἤ
993 3315 1094 3398 κέρδη
1110 3319 1341 3395 περιποιοῦντα

58 3421 111 3485 καὶ
135 3415 302 3502 ιόφελέιας.
331 3413 410 3486 ὅταν
434 3421 471 3486 δὲ
500 3423 576 3506 λέγη
606 3420 708 3502 ,ἔνθα
732 3421 770 3487 δὲ
794 3466 973 3486 .......
983 3416 1132 3502 οἰνδροῦνἀί
1156 3414 1175 3484 ό
1202 3415 1339 3486 σννετιό-

58 3551 168 3609 τατος,
192 3530 245 3592 καὶ
268 3523 327 3611 οὐχ
350 3523 369 3592 ό
391 3524 663 3612 πανουργότατος.

150 3632 250 3716 Caput
277 3640 383 3696 autem
412 3649 583 3719 στρεπτοῖο
617 3642 754 3719 χιτῶνος
784 3635 855 3716 145,
881 3637 919 3697 21
947 3635 993 3715 (cf.
1019 3634 1209 3697 Forsmanus
1232 3655 1261 3718 p.
1286 3636 1339 3717 45)
1363 3716 1366 3721 Α

58 3740 150 3802 valde
174 3740 296 3820 dubito,
329 3760 406 3802 num
442 3741 515 3803 huic
539 3742 631 3803 seriei
654 3741 859 3805 inserendum
892 3743 945 3821 sit,
980 3760 1053 3803 oum
1076 3742 1276 3803 Aristonicus
1299 3741 1339 3802 ad

63 3853 93 3913 Φ
117 3847 156 3907 31
183 3865 253 3909 eam
277 3848 379 3929 ipsam
402 3849 605 3929 sententiam,
630 3868 726 3930 quam
749 3849 939 3931 Ap0110nius
956 3848 1173 3910 Aristarcheae
1196 3847 1338 3930 praefert,

59 3953 233 4014 Aristarchi
258 3972 326 4015 esse
349 3953 519 4035 perhibeat.
559 3953 703 4016 Fortasse
726 3955 823 4037 igitur
844 3955 920 4038 145,
938 3956 979 4018 22
1004 3975 1060 4036 pro
1084 3951 1102 4020 ό
1127 3957 1163 4020 δὲ·
1181 3952 1338 4041 Ἀρίσταρ-

58 4084 115 4143 χος
138 4057 337 4121 soribcndum
362 4066 410 4122 est
433 4056 451 4125 ὁ
476 4062 512 4126 δὲ
535 4057 694 4140 Ἀπίων*).

130 4305 155 4374 *)
174 4304 219 4357 Sic
238 4305 320 4359 etiarn
342 4305 404 4373 100,
424 4304 457 4358 32
476 4322 500 4360 v.
524 4302 692 4360 κλυτδιιωλοο
714 4306 825 4360 nomina
848 4306 963 4376 Apionis
988 4315 1015 4361 et
1039 4307 1190 4362 Aristarchi
1213 4307 1286 4362 inter
1309 4325 1338 4364 so

58 4399 226 4450 commutare
246 4395 343 4447 malim.
364 4395 397 4447 cf.
417 4395 567 4449 Lehrsius³
585 4413 611 4464 p.
633 4397 690 4449 152.
