2970 4898
610 136 828 202 ..25.„

173 312 245 399 155,
286 322 325 381 15
367 317 480 404 τρόφι
521 317 559 386 vd
598 315 739 404 edorrgc'c’
779 318 920 404 ,πολλὸν
960 323 994 387 δὲ
1029 317 1122 405 τρόοι
1154 320 1365 388 κολιί·ι1εποι“.

76 430 295 511 προενεκτὲοο
319 429 356 493 δὲ
380 423 424 502 uic
448 424 542 510 τρόφι
558 427 601 503 ὡς
625 425 682 494 ὄπι
704 435 865 513 θηλυκῶς.
889 429 942 494 ἐπὶ
965 424 1120 513 αὐξήσει
1144 425 1362 513 ἀκούουσιν,

76 528 146 599 ἀπὸ
178 529 308 608 εὐθείας
339 541 395 619 τῆς
427 530 512 617 τρόψ
546 541 600 596 etc.
625 535 661 596 cf.
686 554 756 600 cum
791 535 885 598 schol.
911 533 1000 613 (Ven.
1026 535 1073 612 A.)
1106 540 1135 600 Λ
1166 536 1227 596 307
1253 531 1303 601 ὅτι
1326 532 1364 603 cd

56 637 59 640 ’
81 637 180 724 τρόφι
203 637 357 724 ἀποκοπῇ
379 651 439 707 τοῦ
466 639 633 727 τρόφιμοι.
658 642 676 709 ὁ
699 639 888 726 Ἡρωδιαοός
912 663 1008 727 φησιν
1036 637 1086 708 ὅτι
1110 643 1185 728 ἔστι]
1209 650 1249 728 τῇ
1271 640 1365 730 πήξει

76 756 122 832 τῇ
144 741 339 833 αὕξήοει.*)
364 785 405 792 -

168 855 318 918 Attamen
343 875 415 918 cum
437 856 655 919 Herodianum
679 859 794 940 scripta
818 848 1024 938 quaedam**)
1053 857 1214 939 Apollonii
1238 859 1363 920 novisse

77 963 156 1024 satis
180 967 317 1042 constet,
342 963 544 1044 Apollonium
569 983 697 1025 rursum
720 982 759 1024 ex
776 963 958 1025 Herodiano
982 963 1125 1025 hausisse
1148 983 1260 1045 parum
1283 965 1363 1025 veri-

77 1069 183 1130 simile
208 1069 428 1132 videturesse.
487 1069 590 1132 Facile
619 1075 722 1132 autem
751 1069 818 1132 fieri
842 1071 957 1152 potuit,
989 1076 1112 1132 utnon
1147 1071 1249 1144 solum
1284 1091 1363 1152 quas

78 1177 252 1238 sententias
275 1177 395 1258 primus
417 1177 558 1258 protulit,
583 1177 637 1239 sed
653 1179 746 1239 etiam
764 1197 842 1260 quas
858 1197 877 1238 a
891 1175 1049 1259 prioribus
1064 1178 1277 1259 grammaticis
1292 1197 1362 1259 pro-

79 1285 160 1346 latas
185 1285 350 1367 amplexus
374 1290 420 1345 est
444 1283 657 1364 Herodianus7
682 1304 735 1346 eae
759 1284 933 1347 Herodiani
957 1302 1025 1346 esse
1047 1283 1294 1366 perhiberentur.

78 1463 294 1472 ——--—

157 1567 183 1635 ²¹¹)
203 1567 333 1620 Iaehrsius
353 1566 520 1634 „llerodiani
539 1569 608 1620 etc.“
632 1584 658 1636 p.
677 1568 729 1620 461
754 1569 877 1622 scholion
900 1567 942 1620 ita
964 1549 1041 1634 legit:
1060 1565 1077 1632 ἡ
1097 1563 1177 1632 διπλῆ
1197 1562 1246 1618 ὅτι,
1283 1568 1285 1634 l
1323 1566 1361 1618 Τὸ

78 1657 160 1727 τρόφι
180 1656 307 1728 ἀποκοπῇ
326 1656 515 1725 τοῦπρόφιμοο
534 1656 725 1727 ὁἩριοὸιαοὸς
743 1677 828 1724 φησιν.
847 1656 917 1726 ΙὍτι
937 1654 991 1708 ἐστὶ
1010 1655 1043 1728 τῇ
1061 1655 1138 1722 πήξει
1157 1654 1174 1721 ἢ
1193 1657 1227 1727 τῇ
1247 1655 1360 1721 αι’·ξὴοιι.

78 1747 115 1802 cf.
152 1747 231 1800 Hes:
251 1748 452 1814 τεθραμμένον.
472 1748 552 1814 μέγα.
574 1745 690 1808 ,πολλὸν
709 1746 736 1799 δὲ
755 1747 833 1816 τρόφι
852 1749 949 1814 udum&
979 1747 1068 1814 γέγονε
1088 1743 1115 1796 δὲ
1129 1745 1198 1796 κατὰ
1218 1743 1361 1810 ἀποκοπὴν

77 1836 127 1888 τοῦ
146 1836 285 1905 τρόφιμον.

133 1944 173 2012 **)
194 1943 227 1998 cf.
247 1944 347 1997 Herod.
369 1943 410 1996 ed.
431 1943 512 1995 Lentu
542 1943 553 1994 l
584 1942 709 2010 115,13;
739 1942 1044 2010 11470,2;472,13;
1073 1941 1133 2009 522,
1159 1941 1206 2002 27;
1235 1941 1295 2006 554,
1318 1939 1360 2000 14;

79 2033 142 2100 572,
165 2032 198 2085 13
217 2033 263 2099 qui
281 2031 336 2084 loci
356 2048 446 2111 ornnes
463 2032 498 2084 ad
518 2033 572 2086 alia
582 2031 686 2100 scripta
697 2031 835 2098 Apollonii
846 2038 926 2097 atque
937 2031 973 2083 ad
991 2031 1098 2084 lexicon
1117 2034 1253 2098 spectant.
1282 2029 1361 2095 Quod

79 2129 108 2175 et
126 2123 215 2190 ipsum
240 2123 273 2175 ab
293 2122 447 2175 Herodiano
476 2122 628 2174 adhibitum
658 2138 712 2173 uon
731 2121 823 2185 modo,
853 2121 901 2174 sed
920 2121 1055 2174 interdum
1079 2120 1160 2174 etiam
1179 2119 1360 2188 vituperatum

79 2227 139 2264 esse
159 2210 290 2264 Polakius
310 2209 399 2277 „Over
417 2210 464 2262 het
483 2212 629 2263 ontstaan“
648 2227 675 2277 p.
697 2211 726 2262 11
748 2209 840 2262 studet
859 2209 1056 2262 demonstrare.
