2970 4898
626 151 845 215 ..22„

101 330 237 418 εἴρηται.
271 333 355 407 τινὲς
391 334 427 398 δὲ
460 329 544 417 ίίδην
575 337 761 418 πληρωθείς
795 333 839 403 σί,
865 333 922 414 Ap.
958 333 1008 410 20,
1046 335 1085 394 14
1117 325 1331 420 ἀκοστήσας
1353 333 1385 400 οἱ

100 440 160 523 μὲν
194 435 374 522 κριθιιίσας·
407 437 546 515 νίκαστείς
572 437 632 524 γὰρ
660 439 717 516 τδς
739 435 856 522 κριθείς
878 442 1042 524 λέγουσιν,
1078 436 1159 524 ὅπερ
1193 441 1228 524 ἐξ
1246 437 1385 526 Ὁμήρου

101 542 159 626 (οὐ)
184 541 377 631 δυνήσονται
414 550 624 632 (παραστῆσαι
652 547 810 628 supplevit
833 546 986 626 Villoiso).
1040 548 1075 613 oi
1111 552 1133 614 δ
1139 550 1153 614 ὲ
1192 542 1241 615 ὅτι
1265 547 1288 628 †
1308 543 1382 614 στά-

99 670 180 728 σεως
241 649 446 740 ἐπιζητήσας,
517 649 631 738 διόπερ
685 651 776 720 εἶπεν
832 650 969 738 ,δεσμόν
1014 651 1216 740 ἀπορρήξας*
1260 648 1279 720 δ
1326 656 1382 720 καί

99 761 234 839 βέλτιον.
281 758 316 819 ef.
339 757 600 839 Μ.6ο11ωἰδῐίαε,
626 758 762 833 Quaestt.
787 759 861 822 Hes.
886 781 913 842 p.
928 758 1016 821 CXV
1041 781 1088 822 an.
1140 760 1249 842 Neque
1272 761 1382 823 minus

99 864 193 927 fluxit
221 884 260 927 ex
289 866 457 948 Apollonio
486 868 658 929 Aristonici
693 869 861 930 auotoritas
896 868 979 949 apud
1004 866 1151 931 Orionem
1182 869 1254 947 119,
1284 867 1325 934 26
1352 888 1381 929 v.

99 969 188 1058 Όπή.
221 969 322 1047 τόπος
344 976 548 1057 τετρημένος.
573 970 625 1056 ἀφ’
648 968 687 1040 οὗ
709 999 758 1049 τις
782 971 916 1041 δύναται
944 971 1129 1060 δπήσασθαι
1155 977 1209 1040 καί
1235 978 1383 1060 περιβλέ-

99 1088 237 1165 ψασ9αι,
269 1075 373 1156 οὕτως
393 1077 614 1165 Ἀριστόνικος
637 1083 673 1148 ἐν
695 1095 763 1158 τοῖς
787 1085 939 1166 Σημείοις
973 1089 1032 1148 τοῦ
1063 1091 1207 1168 ποιητοῦ.
1258 1081 1294 1144 ci
1319 1083 1380 1165 Ap.

100 1188 151 1268 36,
183 1188 224 1250 30
252 1184 404 1270 ἀνόπαια,
435 1187 518 1269 quod
549 1194 642 1269 caput
669 1188 817 1250 mutilum
852 1207 920 1251 esse
954 1194 1050 1271 patet:
1085 1189 1163 1256 ἔνιοι
1196 1190 1255 1273 μὲν
1279 1185 1383 1274 ὄνομα

100 1294 226 1380 ὀρνέου·
254 1298 307 1362 καί
334 1294 395 1380 γδρ
419 1296 454 1363 ἐν
482 1292 588 1372 ἄλλοις
617 1293 721 1382 ,φήνη
749 1293 926 1381 εἰδομένηίι.
978 1297 1056 1364 ἔνιοι
1085 1298 1122 1363 δὲ
1154 1293 1331 1379 δνοπαίως,
1361 1291 1382 1362 ὅ

99 1404 186 1470 ἐστιν
210 1399 363 1484 ἀοράτως.
409 1405 512 1479 τινὲς
536 1405 578 1469 δὲ
602 1400 671 1470 urci
693 1401 762 1490 τήν
790 1398 901 1486 ὀπήν,
930 1402 991 1489 τήν
1014 1407 1147 1487 θυρίδα
1176 1401 1282 1490 ,ὄρνις
1306 1399 1382 1480 δὼς

99 1505 238 1576 ἀνόπαια
282 1507 466 1576 διίπτατδι.
538 1508 585 1572 De
618 1530 681 1592 qua
712 1529 746 1572 re
777 1511 894 1572 videsis
926 1516 1049 1593 praeter
1080 1509 1270 1573 Lehrsium3
1299 1531 1328 1593 p.
1360 1512 1379 1572 3

100 1614 304 1678 Carnuthium
328 1617 519 1695 „Aristonici
534 1619 608 1699 περὶ
620 1620 759 1702 σημείων
773 1615 952 1694 Ὀδυσσείας
968 1618 1121 1701 reliquiae
1133 1617 1379 1680 emendatiores“

99 1723 138 1784 ad
162 1748 182 1789 α
207 1723 285 1803 320,
310 1725 364 1805 qui
385 1724 558 1786 Aristonici
583 1724 824 1806 explicationem
848 1726 882 1786 in
898 1725 1132 1788 commentariis
1154 1726 1259 1807 potius
1283 1744 1379 1808 quarn

98 1831 131 1891 in
155 1829 234 1892 libro
257 1833 331 1914 περὶ
351 1834 490 1916 σημείων
513 1831 617 1892 locum
640 1831 787 1894 habuisse
811 1833 933 1914 egregie
957 1833 1078 1894 conicit
1125 1830 1243 1893 Elatia
1262 1833 1379 1914 pauca!

99 1935 160 1999 Sed
188 1938 358 1999 Aristonici
387 1937 533 2020 operibus
565 1941 638 2022 περί
666 1942 805 2024 σημείων
828 1939 887 2021 Ap.
918 1958 1013 2000 usunr
1041 1957 1109 2002 esse
1136 1939 1187 2000 vel
1214 1938 1285 2000 ideo
1314 1958 1379 2000 non

98 2045 285 2127 putaverim,
312 2044 394 2125 qood
418 2044 503 2106 haud
527 2047 570 2106 ita
592 2065 663 2107 raro
686 2046 798 2107 melius
833 2064 867 2107 se
898 2044 1055 2108 imbutum
1078 2051 1215 2128 praestat
1238 2045 1381 2108 doctrina

98 2150 299 2213 Aristarchea
334 2171 429 2232 quam
464 2151 524 2212 ille.
572 2150 624 2213 Sic
655 2153 828 2214 rectissime
861 2159 968 2214 narrat
996 2152 1184 2234 Apollonius
1213 2153 1246 2214 in
1280 2154 1381 2235 eapite

99 2258 248 2321 mendoso
275 2259 325 2336 98,
353 2258 390 2318 11
417 2277 444 2318 v.
469 2255 534 2343 πέρ’
558 2255 655 2342 δγλαί
677 2258 895 2321 Aristarchum
920 2264 955 2321 ut
977 2255 1054 2339 βοός
1076 2261 1172 2342 κέρας
1195 2259 1242 2338 (cf.
1259 2261 1381 2321 Aristo·

99 2367 189 2426 nicus
219 2364 256 2425 ad
283 2370 313 2430 n
337 2366 389 2443 81)
424 2366 468 2426 ita
498 2363 563 2447 πέρ’
587 2363 681 2450 ἀγλαὲ
710 2369 864 2449 κυρίως,
897 2365 928 2427 id
966 2371 1013 2428 est
1046 2367 1183 2448 proprie,
1215 2367 1381 2448 accepisse,

99 2491 169 2533 cum
209 2476 331 2533 notaret
368 2471 608 2554 glossographos
646 2486 716 2548 ταῖς
754 2476 860 2558 θριξίν
898 2470 1091 2558 ιίγαλλόμενε
1130 2474 1379 2555 interpretantes

99 2578 213 2641 Contra
237 2583 460 2640 commemorat
484 2580 680 2642 Aristonicus
704 2578 742 2640 ad
766 2585 795 2645 Λ
821 2581 884 2641 386
919 2557 1138 2643 Aristarchum
1166 2575 1205 2651 οὐ
1233 2587 1274 2664 τῇ
1297 2583 1380 2664 τριχί

100 2691 213 2769 ψιλῶς,
237 2681 303 2750 αλλ’
327 2685 489 2771 ἐμπλοκῆς
498 2711 529 2751 τι
552 2689 644 2770 γένος
667 2687 868 2749 intellexisse.
916 2685 1006 2761 Quod
1020 2688 1047 2748 si
1056 2706 1167 2749 verum
1187 2692 1276 2758 esset,
1298 2694 1381 2750 certe

99 2812 164 2855 nou
197 2792 313 2874 diplarn
348 2793 504 2873 posuisset
536 2794 569 2854 in
604 2794 845 2877 glossographus
880 2794 1012 2856 eandem
1046 2793 1110 2855 fere
1138 2792 1378 2875 explicationem

99 2898 294 2976 adhibentes
323 2917 458 2979 quorum
481 2900 680 2962 Aristonicus
704 2919 775 2962 cum
800 2901 940 2963 omiserit
967 2901 1167 2979 mentionem,
1187 2899 1379 2982 epeioribus

97 3004 236 3067 fontibus
260 3005 403 3068 hausisse
426 3006 584 3088 putandus
609 3015 664 3070 est.
704 3007 894 3070 Forsmanus
918 3027 946 3089 p.
972 3007 1011 3068 37
1036 3025 1102 3069 rem
1127 3026 1191 3068 non
1210 3010 1378 3090 perspexit.

98 3112 196 3174 Aliud
221 3114 437 3174 testimonium
466 3114 537 3175 vide
565 3135 593 3196 p.
624 3115 674 3178 28.
699 3115 734 3177 cf.
763 3113 952 3177 Lehrsium3
979 3136 1007 3198 p.
1034 3115 1096 3176 152
1124 3117 1198 3198 περί
1226 3111 1380 3195 στένεται,

98 3240 125 3301 p.
151 3221 193 3282 84
216 3215 336 3303 φράζω.
365 3219 508 3293 Accedit,
543 3220 627 3302 quod
656 3222 861 3303 Apollonium
891 3221 1023 3300 eisdem,
1051 3241 1115 3283 non
1144 3219 1315 3301 similibus,
1346 3230 1381 3284 ut

99 3325 189 3403 solet,
226 3325 329 3388 verbis
366 3346 498 3388 usurum
532 3327 628 3389 fuisse
661 3335 755 3410 atque
787 3329 1003 3391 Aristonicum
1036 3347 1075 3391 ex
1103 3329 1379 3410 grammaticorum

98 3452 185 3495 more
210 3434 379 3496 verisimile
401 3433 449 3507 fit,
482 3436 509 3496 si
533 3454 572 3496 ex
597 3454 632 3497 eo
656 3455 713 3497 sua
736 3435 958 3518 descripsisset.
983 3436 1018 3497 cf.
1043 3456 1068 3502 e.
1084 3457 1112 3518 g.
1136 3436 1278 3499 schohon
1308 3439 1379 3498 Ari-

98 3543 212 3604 stonici
236 3561 331 3624 supra
361 3542 523 3604 laudatum
548 3543 563 3603 l
588 3544 666 3605 537:
691 3542 729 3610 τδ
757 3545 816 3628 μὲν
842 3542 903 3628 γάρ
930 3540 1081 3627 ἐλήθετο,
1110 3540 1194 3610 {xciv
1217 3548 1379 3630 παρέπεμ-

98 3668 173 3732 ψεν,
197 3645 236 3715 τδ
261 3651 297 3714 δὲ
322 3646 381 3714 οὐκ
405 3645 544 3733 ἐνόησεν,
574 3646 651 3715 οὐδὲ»
680 3648 739 3735 τήν
766 3646 867 3736 ἀρχήν
891 3646 973 3716 κατιέ
996 3657 1074 3716 νοῦν
1098 3650 1189 3733 ἔσχεν
1217 3670 1290 3711 cum
1319 3651 1379 3733 Ap.

101 3754 172 3827 106,
198 3755 253 3814 21:
282 3751 353 3840 ήτοι
386 3753 470 3820 ἑκών
502 3763 599 3821 δῦσαι
633 3759 868 3840 παρεπέμψατο
896 3765 938 3839 τῇ
965 3753 1133 3840 Ἁρτεμίδι,
1162 3754 1183 3843 ἢ
1215 3751 1299 3832 όλως
1327 3758 1379 3824 ἐπὶ

98 3869 176 3928 νοῦν
199 3858 257 3927 οὐκ
281 3857 391 3947 ἦλθεν.

188 3968 344 4049 Pleraque
377 3968 484 4050 igitur,
525 3987 606 4049 quae
644 3969 845 4032 Aristarchea
878 3970 1091 4052 reperiuntur,
1131 3989 1171 4032 err
1204 3970 1379 4033 Aristarchi

99 4077 330 4138 commentariis
367 4076 444 4157 ipsis
481 4075 614 4138 fluxisse
640 4096 826 4159 persuasum
854 4077 955 4140 habeo
987 4078 1023 4139 cf.
1063 4079 1114 4150 61,
1150 4079 1165 4138 l
1196 4098 1224 4140 v.
1267 4082 1379 4166 δυση-

98 4188 229 4269 λεγέος
252 4184 287 4250 ἐν
309 4193 351 4269 τῇ
368 4189 402 4250 X
414 4193 472 4269 τῆς
483 4180 663 4260 Ὀδυσσείας
686 4181 930 4270 δἈρίσταρχος.
977 4185 1028 4265 67,
1046 4186 1087 4249 28
1104 4205 1132 4246 v.
1157 4185 1380 4272 ἐμπλήγδην

99 4293 134 4359 ἐν
168 4295 204 4358 δὲ·
239 4302 289 4379 τῷ
320 4298 350 4358 Υ
372 4299 430 4378 τῆς
456 4289 636 4367 Ὀδυσσείας
664 4288 868 4378 ὑπομνήματι
897 4289 915 4358 ὁ
941 4289 1149 4376 Ἀρίσταρχος.
1209 4294 1260 4373 91,
1286 4295 1326 4355 32
1351 4315 1379 4356 r.

98 4394 287 4474 ἱονδόδος
311 4397 364 4464 <lul
389 4402 423 4464 δὲ
449 4405 508 4464 τοῦ
530 4395 736 4482 Ἀριστάρχου
759 4395 994 4484 ’ίτπομνήματος
1044 4401 1146 4480 74,11
1174 4421 1200 4461 v.
1226 4400 1378 4468 ἐπιστό-
