2970 4898
680 137 900 207 ..28-

242 318 355 386 Contra
391 325 465 385 hnic
500 324 593 385 classi
626 322 823 385 adscribendi
857 329 931 385 sunt
958 322 980 384 ii
1011 324 1070 384 loci
1105 323 1221 405 quibus
1245 325 1437 407 Apollonius

152 445 305 515 repugnat
329 432 524 504 Aristarcho,
549 433 617 493 eius
641 441 746 494 tamen
770 433 939 493 auctoritas
963 431 1001 492 ab
1026 431 1284 513 epitomatoribus
1307 433 1342 494 iu
1358 433 1438 499 ἔνιοι

152 541 219 601 sim.
244 538 367 600 deflexa
389 544 443 599 est.

241 646 269 717 4,
304 645 353 704 21.
387 640 575 728 ἀγέλαστα
610 641 648 710 οὐ
679 646 819 728 γέλωτος
849 641 934 727 ἀξια,
974 640 1040 709 ἀλλ)
1072 639 1143 710 οἷον
1175 639 1437 732 ἀγανακτήσεως·

152 749 266 834 „d'arid'
291 751 342 817 ἵνα
365 749 428 835 ἔργ’
451 749 609 835 ἀγέλαστα
631 755 686 818 καὶ
710 749 769 818 οὐκ
793 748 936 817 έπιεοιτά
954 746 1096 836 ideone?
1139 751 1217 816 ένιοι
1237 755 1273 818 δὲ
1295 755 1438 837 γέλωτος

152 856 235 942 ἄξια,
269 862 396 936 βέλτιον
431 861 466 924 δὲ
503 856 541 925 τό
572 865 712 943 πρῶτον.
767 857 892 920 Refellit
932 859 1029 939 igitur
1060 857 1236 920 Aristarchi
1268 858 1438 920 lectionem

151 963 288 1051 γελαστοί
311 966 347 1026 cf.
372 966 466 1026 schol.
491 974 516 1032 0
541 967 613 1029 307.
1091 960 1094 964 ⁴

162 1071 164 1074 ⁴
243 1073 382 1152 110,10.
406 1076 530 1157 μείλια
545 1077 743 1158 μειλίγματα,
767 1076 954 1157 χαρίσματα,
972 1067 1021 1147 οἷς
1041 1069 1328 1157 ἀπομειλίσσονται.
1352 1074 1439 1156 λέγει

153 1180 188 1244 δὲ
223 1173 327 1253 athen
357 1180 411 1243 καί
442 1175 502 1264 τήν
533 1193 666 1263 προῖκα,
700 1176 784 1263 ,ἐγώ
808 1176 836 1244 0α
860 1179 913 1244 ἐπὶ
941 1182 1044 1262 μείλια
1067 1175 1194 1244 όώσω·”
1228 1174 1268 1244 τό
1297 1175 1359 1263 γάρ
1383 1179 1439 1246 ἐπί

152 1281 233 1368 πρός
250 1283 289 1350 τό
306 1279 410 1350 δώσω.
433 1285 528 1351 ἔνιοι
544 1289 583 1352 dl
606 1287 762 1371 ἐπιμείλια
777 1282 941 1371 συνθήκας
956 1283 1102 1372 ἤκουσαν.
1120 1285 1155 1346 cf.
1171 1285 1266 1347 schol.
1284 1285 1375 1366 (Ven.
1387 1287 1437 1366 A.)

152 1390 168 1452 l
194 1392 254 1452 147
284 1392 477 1477 ἐπιμείλια
503 1390 705 1477 Ἀρίσταρχος
734 1393 769 1460 ἓν
797 1396 893 1478 μέρος
916 1389 1014 1479 λόγου
1033 1396 1215 1474 παρέλαβεν
1238 1389 1283 1469 ὣς
1305 1393 1437 1478 ἐπιφέρ-

152 1523 204 1564 νια
228 1503 284 1560 etc.
309 1498 345 1560 cf.
369 1497 542 1562 Lehrsius3
565 1521 594 1582 p.
622 1501 692 1563 110.

244 1607 315 1685 113,
341 1607 390 1668 28.
423 1604 594 1691 μορφνόν
625 1604 821 1691 μορόφονον,
855 1603 913 1673 τόν
946 1604 999 1672 did
1030 1613 1090 1672 τοῦ
1121 1603 1225 1689 φόνου
1253 1602 1312 1672 τόν
1335 1602 1438 1692 μόρον

152 1714 354 1797 ἐπιφέροισα.
378 1715 480 1788 τινὲς
500 1717 540 1779 δέ
562 1711 649 1791 εἶδος
664 1711 772 1796 ἀετοῦ,
790 1711 879 1779 ἄλλοι
895 1708 1030 1798 ἅρπαγα.
1062 1712 1175 1776 Exstat
1190 1713 1271 1775 lexis
1287 1714 1321 1774 in
1342 1731 1438 1775 versu

154 1827 184 1886 52
210 1820 287 1882 316:

375 1924 510 2009 ,αὐτίκα
534 1924 563 1992 ἀ
587 1923 694 1994 αἰετόν
716 1921 788 2013 ἧκε,
812 1923 1015 1993 τελειότατον
1037 1933 1214 2013 πετεηνῶν,

370 2031 514 2119 μόρφνον
537 2031 693 2120 θηρητῆῤ,
717 2029 755 2101 ὃν
778 2037 831 2099 καί
854 2030 996 2118 περκνόν
1017 2031 1213 2100 καλέουσιν.”

153 2141 207 2203 nbi
234 2141 454 2202 Aristarchum
482 2148 513 2202 et
538 2137 683 2225 ,μόρφνον
711 2149 741 2203 et
767 2138 909 2225 περκνόν
937 2141 1061 2222 aquilae
1084 2143 1218 2223 speciem
1241 2141 1442 2203 intellexisse

152 2269 193 2311 ex
216 2250 333 2312 scholio
350 2248 523 2311 Herodiani
546 2248 705 2311 discimus.
752 2248 877 2311 Scilicet
899 2250 993 2310 etiam
1016 2249 1050 2309 in
1073 2267 1149 2310 voce
1171 2244 1314 2332 περκνόν
1337 2247 1441 2330 expli-

153 2357 252 2419 canda
267 2356 472 2438 Apollonium
496 2357 633 2438 oportuit
656 2354 694 2418 ab
711 2356 894 2418 Aristarcho
919 2354 1089 2429 discedere,
1113 2354 1149 2416 ef.
1176 2355 1248 2437 130,
1276 2355 1325 2428 12,
1351 2355 1440 2437 quod

152 2468 246 2546 caput
269 2482 342 2525 cum
364 2458 509 2548 μορφνόν
534 2462 605 2535 113,
631 2464 672 2524 28
702 2463 786 2525 baud
810 2464 874 2525 scio
898 2482 938 2524 an
962 2482 1064 2524 unum
1087 2462 1222 2524 effecerit
1245 2481 1368 2544 corpus.
1394 2499 1438 2507 -—

241 2571 416 2633 Aristarchi
440 2577 545 2633 autem
569 2571 785 2632 auctoritatem
806 2569 865 2631 sub
888 2572 973 2645 τινές
988 2571 1022 2630 in
1038 2570 1138 2651 capite
1151 2565 1307 2653 ἀργεστᾶο
1326 2565 1440 2636 νότοιο

153 2680 204 2758 42,
230 2678 286 2743 26:
325 2680 411 2753 τινὲς
443 2685 502 2744 τοῦ
529 2681 702 2762 λεγομένου
726 2674 933 2744 λευκονότου.
962 2677 1029 2742 έστι
1061 2678 1097 2741 δέ
1125 2678 1251 2759 ταχέας·
1279 2679 1441 2761 τέσσαρας

152 2783 212 2871 γάρ
235 2783 353 2872 μόνους
386 2783 477 2852 οἶδεν
506 2780 642 2871 (Όμηρος
669 2782 806 2870 ἀνέμους
832 2785 930 2846 latere
956 2803 1020 2846 non
1049 2785 1151 2845 ausim
1179 2783 1368 2846 concludere
1397 2803 1439 2847 ex

153 2893 271 2956 scholio
295 2892 384 2972 (Ven.
408 2893 457 2973 A.)
485 2898 514 2958 Λ
540 2881 603 2955 300
630 2888 711 2976 πρός
740 2891 777 2959 τό
806 2888 1051 2978 σημαινόμενον,
1085 2885 1135 2957 ὅτι
1158 2887 1198 2958 τά
1222 2888 1439 2976 συνιστάμενα

152 2996 217 3066 ὑπό
240 3008 299 3066 τοῦ
321 2996 528 3067 Λευκονότου
550 3004 631 3087 νέφη
664 2999 850 3084 ὁΖέφυρος
874 2996 1075 3066 διατινάσσει.
1100 2994 1149 3081 lo‘
1178 3001 1213 3064 δέ
1238 2995 1439 3083 καλούμενος

152 3103 356 3182 Λευκόνοτος
379 3103 595 3192 σφοόρότερός
618 3108 713 3174 ἐστιν.
757 3102 892 3192 Ὅμηρος
921 3109 958 3173 δὲ
981 3110 1136 3189 τέσσαρας
1159 3100 1295 3189 ἀνέμους
1316 3103 1438 3191 μόνους

153 3211 243 3280 οἶδεν
289 3213 379 3276 cuins
417 3215 552 3296 priorem
590 3220 708 3297 partem
749 3233 850 3296 nsque
882 3214 921 3275 ad
950 3210 1141 3280 διατινάσσει
1173 3211 1437 3275 Friedlaenderus

153 3321 332 3382 Aristonico
356 3320 473 3383 tribuit.
524 3321 607 3383 Nam
636 3341 707 3383 cnm
733 3322 921 3404 Apollonius
950 3322 1107 3404 egregiam
1135 3325 1229 3402 atque
1252 3320 1437 3382 Aristarcho

154 3427 282 3509 dignam
316 3427 463 3490 exhibeat
501 3429 766 3502 observationem,
805 3429 1004 3490 Aristonicus
1046 3432 1155 3489 contra
1191 3427 1299 3488 inania
1341 3432 1438 3509 atque

153 3533 314 3617 superflua
347 3534 460 3608 tradat,
494 3535 577 3598 haud
611 3536 675 3598 scio
709 3555 747 3598 an
782 3535 981 3597 Aristonicus
1015 3536 1050 3595 in
1082 3551 1186 3596 errore
1219 3539 1364 3594 versetur
1398 3533 1437 3595 de

122 3723 125 3730 ¹
153 3642 354 3704 Aristarchea
377 3642 525 3704 doctrina.
551 3680 592 3687 -

242 3749 294 3810 Ad
326 3747 456 3834 ἀνέχησι
488 3749 544 3829 30,
580 3752 620 3813 19
656 3750 740 3832 quod
773 3751 896 3830 attinet,
928 3749 1120 3812 Forsmanus
1143 3769 1172 3831 p.
1200 3749 1239 3810 31
1275 3749 1436 3812 immerito

153 3858 276 3920 inducit
307 3858 490 3920 Aristarcho
523 3859 741 3920 adversantem
782 3857 1055 3939 lexicographum,
1094 3875 1167 3917 cum
1200 3855 1436 3919 Aristarcheam

154 3965 342 4026 sententiam
370 3985 432 4026 non
468 3964 636 4048 improbet,
669 3965 724 4027 sed
758 3965 900 4046 exphcet.
956 3962 1067 4047 Neque
1100 3965 1199 4045 magis
1223 3961 1363 4024 succedit
1386 3982 1437 4025 res

154 4075 222 4135 viro
246 4074 335 4136 docto
355 4095 384 4156 p.
403 4074 452 4151 33,
476 4091 549 4134 cum
567 4073 769 4154 Apollonium
785 4093 813 4154 p.
833 4072 882 4150 74,
901 4072 951 4150 11,
976 4072 1082 4133 lexeos
1099 4072 1311 4156 ἐπισταμένου
1334 4079 1353 4153 ξ
1371 4073 1437 4135 359

154 4180 379 4261 metaphrasin:
413 4175 625 4265 ἐπιστήμονος
665 4178 845 4240 Aristarcho
885 4177 1075 4240 tribuentem
1114 4157 1218 4239 errare
1256 4178 1435 4258 contendat,

156 4287 239 4370 qnod
263 4288 321 4348 iste
345 4287 538 4353 ἐπίστασθαι
561 4285 646 4350 idem
670 4287 774 4348 valere
798 4292 892 4368 alque
916 4283 1076 4353 δύνασθαι
1100 4284 1319 4348 observaverit.
1362 4285 1437 4349 Non

154 4393 234 4456 vidit
249 4395 346 4475 igitur
364 4394 517 4475 participii
538 4392 672 4454 absoluti
689 4390 898 4477 ἐπιστάμενος
913 4411 975 4454 non
993 4392 1124 4453 eandem
1138 4410 1206 4453 esse
1218 4391 1436 4456 condicionem
