2970 4898
643 174 837 238 -γ-

102 357 248 437 Αεουιίίί,
277 357 360 441 quod
390 376 510 422 errores
544 356 671 438 quidam
700 357 902 438 reperiuntur
934 357 966 416 in
995 340 1108 438 glossis
1135 355 1205 417 istis
1234 355 1382 438 repetitis,

99 466 158 548 qui
182 465 351 549 Apollonio
375 469 458 561 certe
481 481 544 525 non
568 462 728 526 tribuendi
751 468 833 524 sunt.
858 463 893 524 cf.
920 483 948 545 p.
974 462 1003 526 8.
1388 556 1390 560 Ι

265 573 372 654 Atque
393 572 532 653 primurn
557 568 698 652 quidem,
727 575 764 632 ut
785 570 957 632 lectionum
980 571 1139 633 varietatis
1162 571 1264 632 istum>
1283 589 1385 652 gram-

98 679 255 740 maticum
280 678 435 742 rationem
459 675 607 740 habuisse
629 675 771 759 probem,
796 674 939 738 adscribo
963 675 1132 739 verborum
1155 676 1279 750 formae,
1305 695 1386 758 quae
1476 745 1479 750 ⁸

99 791 274 866 augmento
293 802 358 845 non
374 783 467 846 modo
491 785 671 861 instructae,
697 783 751 845 sed
775 784 869 844 etiam
886 783 1026 864 privatae
1040 784 1256 858 inveniuntur,
1276 803 1386 865 quam-

98 910 200 972 quam
224 891 351 954 eosdem
375 896 517 973 spectant
538 909 650 952 versus
673 888 907 968 Homericos:*)

193 992 348 1082 ἀρτύνετο
372 999 414 1077 (B
435 999 488 1080 55,
512 1004 546 1064 K
552 998 629 1074 302)
653 998 705 1068 42,
720 997 763 1060 34
808 993 964 1083 ἠρτιῖνετο
990 998 1040 1071 84,
1061 999 1118 1073 313

192 1100 324 1185 βιόοοαο
348 1108 386 1182 (a
410 1105 485 1183 468)
510 1103 605 1176 5120
810 1099 958 1184 ἐβιόαοαο
984 1103 1034 1177 61,
1062 1104 1118 1180 32,

194 1213 334 1295 πέρασας
358 1213 402 1291 (Φ
428 1211 479 1290 78)
506 1211 577 1286 130,
602 1212 621 1272 6
805 1211 964 1295 ἐπίρασας
988 1211 1113 1291 71,13;

192 1321 364 1385 πλίσσοντο
388 1321 419 1401 (ζ
442 1318 517 1396 318)
544 1316 615 1389 132,
642 1317 681 1379 16
795 1317 985 1384 ἐπλίσσοντο
1010 1318 1107 1393 75,4;

99 1425 264 1506 Utrasque
287 1425 371 1486 enirn
394 1423 509 1485 formas
533 1423 701 1505 Apollonio
726 1422 832 1486 deberi
856 1443 950 1488 nemo
973 1424 1137 1506 putaverit.
1163 1460 1204 1467 --

194 1530 305 1593 Eidem
323 1530 428 1593 studio
450 1530 576 1592 lexicon
592 1531 687 1592 variis
704 1528 814 1593 usibus
828 1530 1085 1592 accommodendi
1101 1530 1227 1592 videtur
1242 1530 1384 1593 tribuen-

101 1639 184 1711 dum
208 1656 290 1712 esse,
327 1637 411 1719 quod
435 1637 560 1721 είρερον
589 1638 644 1711 64,
671 1639 712 1699 13
741 1641 777 1698 ut
804 1636 971 1718 peculiaris
995 1638 1100 1720 glossa
1128 1636 1219 1700 nobis
1242 1639 1400 1719 traditur,‘

102 1746 198 1807 ouius
223 1750 259 1806 ut
282 1745 387 1806 variae
410 1744 552 1806 lectionis
576 1744 695 1805 mentio
718 1742 754 1804 iit
779 1744 828 1820 92,
853 1745 896 1805 24
920 1764 947 1807 v.
974 1745 1087 1829 ίρερον.
1113 1782 1154 1788 -

194 1956 255 2022 sed
281 1958 356 2019 haec
382 1957 465 2019 levia
488 1962 569 2020 sunt.
616 1955 654 2018 ld
677 1958 761 2019 enirn
785 1959 984 2040 potissimum
1012 1959 1155 2021 reductor
1177 1959 1304 2024 videtur
1326 1959 1387 2023 sibi

100 2067 311 2148 proposuisse,
335 2073 371 2127 ut
385 2065 422 2145 ii,
447 2065 501 2146 qui
521 2063 699 2127 dubitarent
718 2065 756 2129 de
772 2083 848 2126 voce
864 2066 971 2147 aliqua
986 2063 1163 2139 Homerica,
1181 2086 1277 2149 quani
1289 2067 1385 2129 celer-

101 2175 183 2236 rime
206 2175 453 2236 inst'tuerentur.
501 2170 571 2246 Qua
594 2171 633 2233 de
656 2190 855 2234 causavooes
879 2173 1067 2254 compositas
1091 2192 1162 2234 cum
1184 2175 1386 2257 praepositio-

102 2279 199 2342 nibus
234 2299 298 2342 uon
330 2279 423 2342 modo
451 2280 485 2340 in
517 2279 617 2340 forma
640 2279 822 2361 composita,
848 2279 902 2341 sed
926 2280 1019 2341 etiam
1042 2280 1077 2340 in
1107 2281 1241 2363 simplici
1264 2287 1387 2363 praesto

102 2406 174 2451 esse
198 2387 359 2450 interdum
381 2386 490 2448 voluit.
548 2383 600 2447 Sio
629 2387 841 2468 transscripsit
876 2405 985 2448 vocem
1016 2387 1192 2452 inauditam
1223 2397 1388 2473 σμυγερῶς

104 2495 184 2575 143,
219 2496 257 2557 17
292 2514 332 2557 ex
365 2496 583 2580 ἐπισμυγερῶς
617 2495 672 2572 74,
701 2495 735 2573 3;
764 2497 897 2579 σκίμφαι
927 2495 1004 2576 142,
1036 2496 1076 2556 21
1113 2514 1151 2557 ex
1193 2495 1387 2582 ἐνισκίμφθη

103 2603 161 2674 69,
195 2603 229 2678 23
268 2599 427 2688 ἐμνήμυκε
460 2603 518 2681 67,
553 2603 592 2664 18
631 2619 670 2662 ex
720 2597 946 2687 ’ὑπεμνήμυκεν
995 2601 1069 2675 159,
1119 2603 1146 2665 3.
1204 2602 1277 2665 Alia
1311 2608 1412 2697 sunt‘

103 2710 296 2771 testimonia:

196 2812 409 2900 ἀμφελάχαινε
433 2817 485 2896 27),
508 2818 548 2878 31
575 2851 616 2859 -
641 2818 801 2898 λαχαίνειν
827 2816 898 2895 107,
924 2817 979 2890 10,

197 2920 307 2989 σίνεται
331 2923 380 2993 34,
407 2922 448 2983 30
472 2959 514 2968 -
538 2919 709 2987 κατάνεται
735 2922 784 2996 96,
810 2922 843 2991 0;

195 3030 287 3110 iiiive
311 3030 363 3100 61,
389 3030 430 3091 33
455 3029 551 3112 ἔφλυε
576 3030 626 3108 80,
651 3030 670 3092 6
695 3066 736 3072 -
760 3026 899 3112 ἀνίφλυε
923 3030 975 3109 35,
1002 3031 1056 3107 14;

96 3171 100 3177 ·
193 3139 363 3202 καίνυσθαι
389 3137 439 3216 94,
463 3137 481 3198 8
507 3173 547 3180 -
573 3134 767 3202 ἀπεκαίνυτο
792 3136 842 3215 38,
868 3137 922 3214 18;

193 3246 343 3326 τρέφεται
368 3243 439 3314 104,
466 3244 505 3304 lb
531 3279 571 3287 —
595 3245 820 3327 περιτρέφεται
845 3244 917 3322 130,
944 3243 1039 3323 14.**)

193 3348 245 3410 Ex
284 3349 483 3413 lemmatibus
527 3359 635 3412 contra
677 3350 867 3432 simplicium
917 3348 1086 3413 verborum
1131 3351 1207 3412 haec
1255 3351 1385 3415 fortasse

104 3461 180 3518 nata
204 3462 290 3518 sunt:

193 3567 367 3649 κατέστυγε
393 3565 442 3643 96,
467 3566 486 3626 2
512 3584 550 3626 ex
575 3568 692 3650 στυγίγγ
718 3565 788 3638 145,
813 3567 869 3641 26ς

78 3667 80 3671 ’
193 3667 374 3757 ἀναπρῆσαι
398 3672 485 3744 37,6
510 3690 552 3735 ex
574 3653 693 3759 πρῆσαι
720 3673 792 3752 134,
816 3673 868 3734 28.

176 3899 201 3967 *)
220 3897 284 3951 Alia
303 3906 345 3952 est
363 3899 486 3952 condicio
506 3900 658 3967 glossarum
683 3897 801 3969 οίγείνεον
830 3900 854 3960 6,
880 3898 897 3954 8
916 3910 945 3953 et
963 3899 1067 3970 ἠγίνεον
1086 3901 1133 3963 82,
1155 3900 1187 3953 13
1207 3900 1242 3954 ad
1260 3899 1384 3954 diversos

107 3989 180 4042 locos
199 3987 358 4042 Homericos
378 3992 402 4040 Ω
421 3989 472 4042 784
493 3998 519 4042 et
537 3995 564 4042 Σ
579 3990 632 4042 493
651 3988 853 4058 pertinentium.

177 4080 220 4146 **)
239 4078 396 4133 Notandum
416 4086 465 4142 est,
495 4080 568 4145 quod
586 4081 614 4132 in
633 4080 729 4139 tribus,
759 4096 830 4148 quae
851 4080 937 4143 attuli,
958 4080 1089 4148 exemplis
1105 4079 1284 4147 interpolator
1298 4077 1385 4131 infini-

107 4171 155 4223 tivi
173 4185 202 4222 se
221 4169 337 4238 praebet
356 4170 492 4220 amantem
512 4171 645 4237 (οκίμφαι,
664 4167 805 4235 taxatam.
825 4170 989 4237 καίνυοθαι).
1028 4169 1102 4222 Idem
1128 4169 1217 4222 evenit
1240 4171 1269 4221 in
1288 4169 1384 4236 capiti-

108 4260 158 4312 bus
177 4255 291 4328 δεφῆσαι
301 4258 343 4319 58,
354 4257 370 4309 3
390 4266 417 4310 et
427 4253 622 4310 δεικανάασθαι
641 4259 683 4319 57,
695 4259 737 4325 21,
757 4274 827 4325 quae
838 4264 865 4310 et
883 4258 1120 4327 ipsainterpolata
1131 4274 1190 4312 esse
1201 4274 1263 4310 mox
1276 4257 1384 4310 demon·

108 4348 263 4401 strabimus.
300 4348 462 4416 Apollonius
481 4355 576 4401 contra
596 4347 728 4400 vocabula
747 4346 849 4414 carlom,
870 4362 940 4412 quae
961 4348 1036 4416 apud
1048 4349 1194 4400 Homerum
1213 4347 1383 4414 occurrebat,

107 4436 193 4489 forma
211 4436 359 4506 praefigere
379 4437 491 4490 solebat.
