2970 4898
685 137 903 201 -24-

153 313 406 403 μεταλαμβάνων
429 319 474 394 είς
492 315 550 385 τόν
577 322 756 403 μέλανα-
775 318 899 390 13610
923 325 1086 403 προαλεῖ
1112 329 1161 407 τῷ
1183 333 1361 404 καταφερεῑ
1381 323 1435 386 καί

153 430 359 516 προαλίζοντι
377 425 415 493 τό
430 422 528 510 ὕδωρ.
550 427 585 488 cf.
607 445 680 488 cum
697 426 790 487 schol.
808 425 897 505 (Ven.
914 427 959 504 A.)
981 434 1010 492 Φ
1028 427 1090 487 262
1113 476 1431 494 ,,,,,,,,,,,

153 530 283 620 ἄμεινον
307 537 341 601 <ll
368 541 496 617 ψιλοῦν,
521 533 565 611 ὡς
580 537 632 600 καί
648 530 666 600 ὁ
681 531 933 618 Ἀσκαλωνίτης,
958 531 1091 617 φάσκων
1112 532 1175 601 άπό
1191 541 1250 601 τοῦ
1266 531 1432 619 ἁλίζεσθαι

153 649 358 728 γεγενῆσθαι,
387 645 555 708 τουτέστιν
578 638 803 725 ἀθροίζεσθαι,
828 635 911 707 ὥστε
936 645 1145 727 σημαίνεσθαι
1167 638 1204 708 τό
1228 651 1410 728 κατωφερῆ.
1472 725 1475 730 ¹

245 746 305 822 Qui
334 767 506 810 consensus
534 767 598 809 non
622 767 678 829 pro
702 746 799 808 nihilo
823 748 981 829 putandus
1007 753 1060 809 est.
1108 749 1318 812 Ascalonitam
1348 751 1433 811 enim

154 856 236 917 inter
259 856 411 937 primores
436 853 611 916 Aristarchi
644 853 814 935 discipulos
846 853 943 916 fuisse
971 860 1105 932 constat,
1141 875 1335 937 quamquam
1368 875 1434 918 non

154 960 273 1042 ubique
311 965 451 1022 recantat
483 961 550 1022 ains
586 959 708 1021 dictata.
756 960 930 1041 Analogiae
963 965 1068 1021 autem
1103 961 1207 1022 studio
1240 961 1331 1024 valde
1366 967 1435 1024 erat

154 1067 296 1132 addictus
320 1068 356 1130 cf.
381 1069 547 1150 Augustus
571 1067 664 1139 Blan‚
696 1069 751 1148 qui
775 1068 792 1128 l.
818 1068 836 1129 l.
861 1087 888 1149 p.
915 1069 1045 1129 25-31
1075 1070 1246 1155 imaginem
1271 1070 1433 1133 doctrinae

156 1175 352 1256 grammatici
377 1173 583 1237 adumbravit.
609 1211 649 1218 —

242 1280 458 1360 Philoxeni,
488 1283 542 1364 qui
565 1283 687 1364 primus
711 1282 816 1343 docuit
840 1281 936 1346 verba
964 1281 1087 1345 duabus
1115 1284 1227 1346 litteris
1256 1286 1434 1347 constantia

153 1389 274 1453 radices
307 1408 374 1452 essa
412 1390 555 1450 omnium
578 1387 804 1450 vocabulorum
839 1388 884 1468 (cf.
910 1387 1012 1451 Kleist
1040 1389 1097 1470 „de
1120 1389 1288 1452 Philoxeni
1311 1412 1356 1473 gr.
1383 1392 1432 1456 Al.

153 1496 266 1559 studiis
299 1496 531 1578 etymologicis“
566 1516 593 1577 p.
614 1497 668 1575 43)
703 1497 869 1577 vestigium
905 1501 1007 1559 exstat
1033 1497 1082 1575 96,
1112 1497 1153 1558 26
1188 1518 1216 1559 v.
1251 1495 1435 1586 κατηφόνες

154 1652 717 1672 ...................
741 1600 830 1684 παρά
852 1599 890 1669 τά
914 1611 978 1687 φῶ,
1004 1597 1046 1670 οὗ
1063 1604 1259 1690 παραγωγόν
1274 1601 1356 1689 φάω.
1397 1607 1434 1668 cf.

155 1711 229 1774 orio
256 1712 328 1795 160,
354 1713 403 1773 23.
429 1748 469 1756 -

242 1817 293 1880 Ex
317 1818 520 1900 Apollonio
545 1824 649 1879 autem
674 1815 839 1896 Dyscolo
863 1818 939 1879 haec
962 1818 1093 1879 fortasse
1116 1824 1340 1882 manaverunt:

244 1926 319 1999 160,
358 1927 370 1986 1
407 1925 666 2008 ὑποκρίναιτο.
698 1920 915 2007 ἀποκρίναιτο.
944 1919 1032 2008 ‚nior
1059 1922 1086 2008 χ’
1113 1924 1322 2009 ὑποκρίναιτο
1356 1935 1432 1994 θεο-

152 2029 298 2116 πρόποςιι
316 2039 355 2099 Μ
367 2032 431 2094 228
446 2034 500 2098 καὶ
515 2028 612 2097 πάλιν
632 2033 701 2113 ,σοί
721 2028 749 2096 δ’
765 2024 831 2097 τόδε
847 2039 1023 2117 μνηστῆρες
1038 2029 1291 2115 ὑποκρίνονταίί.
1319 2039 1341 2114 β
1360 2035 1432 2095 111.

154 2141 264 2217 (ἔνθεν
281 2142 334 2206 καί
351 2138 532 2223 ὑποκριταί,
557 2138 588 2203 οἱ
603 2134 850 2223 ἀποκρινόμενοι
872 2134 954 2221 πρός
977 2134 1035 2204 τόν
1057 2135 1199 2221 χορόν)*)
1223 2164 1433 2224 πρωταγωνι-

153 2255 307 2322 στοῦντος
328 2242 389 2330 γάρ
404 2253 463 2312 τοῦ
485 2252 583 2329 χοροῦ
602 2242 639 2310 τό
655 2243 792 2311 παλαιόν
815 2238 904 2312 οὗτοι
921 2239 1030 2328 ὥσπερ
1047 2242 1217 2336 ἀποκριταί
1233 2241 1326 2332 ἦσαν,
1352 2241 1431 2313 άπο-

151 2351 331 2439 κρινόμενοι
358 2349 440 2436 πρός
466 2349 525 2419 τόν
551 2347 656 2436 χορόν.
716 2351 751 2412 cf.
781 2370 854 2413 cum
883 2350 999 2414 Orione
1031 2353 1106 2432 168,
1137 2354 1170 2414 3;
1199 2349 1432 2438 Ὑποκριτης.

152 2459 223 2547 ἤτοι
246 2457 265 2548 ἡ
289 2457 353 2528 tad
376 2473 479 2526 κεῖται
503 2456 574 2526 ἀντὶ
606 2465 662 2544 τῆς
685 2454 764 2540 ἀπό,
797 2455 868 2526 οἷον
891 2456 1080 2546 ἀποκριτής,
1116 2456 1154 2526 τό
1186 2455 1247 2544 γάρ
1281 2454 1433 2543 ,ἀποκρί-

151 2592 275 2652 νονται,
312 2565 350 2634 ἵν’
374 2564 480 2650 εἰδῇς“
516 2573 537 2646 β
573 2567 633 2626 111
668 2563 740 2633 ἀντὶ
774 2573 833 2632 τοῦ
856 2563 1090 2646 ἀποκρίνονται.
1141 2562 1263 2641 οίίτως
1293 2563 1435 2633 Ἀπολ-

152 2671 289 2750 λιόνιος
334 2675 374 2741 ἐν
405 2682 458 2763 τῷ
502 2678 589 2757 περὶ
629 2677 864 2758 Προθίσεως.
915 2673 950 2735 cf.
991 2671 1153 2753 Lehrsius‚
1194 2679 1324 2755 quaestt.
1365 2693 1433 2757 epp.

152 2803 180 2865 r·
203 2783 243 2844 8⁷
269 2802 336 2864 son·
362 2819 403 2826 -
849 2802 851 2806 ·

241 2888 353 2950 Tribus
386 2887 522 2970 denique
560 2888 637 2950 locis
665 2887 852 2971 Apollonius
893 2886 980 2949 affert
1019 2888 1189 2950 sententias
1234 2889 1433 2970 quorundam

154 2996 330 3074 doctorum,
354 3013 435 3077 quae
450 2994 537 3056 velut
552 2993 816 3056 Herodianeae
831 2999 971 3056 veneunt
991 2991 1028 3054 ab
1048 2992 1097 3056 Et.
1115 2992 1155 3055 M.
1172 2995 1223 3056 vel
1240 2994 1431 3057 scholiastis:

244 3104 293 3181 11,
318 3103 359 3163 28
383 3121 411 3162 V.
436 3097 548 3185 ἀζετο
573 3149 857 3167 ..........
887 3101 1113 3186 ἐτομολσγοῦσι
1142 3103 1179 3168 ol
1203 3153 1431 3170 ........

152 3209 183 3275 οἱ
218 3211 255 3275 δὲ
286 3207 369 3274 κατά
402 3204 568 3294 συγκοπην
603 3203 753 3292 ἁζόμενοι
785 3204 856 3274 ἀντὶ
889 3217 950 3274 τοῦ
981 3204 1175 3293 άγιζόμενσι,
1213 3203 1305 3293 άγιον
1336 3206 1431 3295 ἡγού-

152 3341 254 3402 μενοι,
280 3311 299 3382 ὅ
321 3316 388 3381 ἐστι
411 3311 575 3396 σεβαστόν.
627 3314 663 3376 cf.
688 3334 759 3376 cum
784 3314 831 3376 Et.
857 3313 896 3375 M.
923 3315 973 3395 22,
1008 3316 1049 3376 29
1077 3312 1095 3381 ὁ
1125 3317 1161 3381 δὲ
1184 3312 1375 3401 Ἡρωδιανὸς
1398 3319 1433 3385 ἐν

152 3434 201 3514 τῷ
230 3428 304 3509 περὶ
336 3431 457 3491 παθῶν
483 3426 580 3508 λέγει,
610 3417 665 3488 ότι
691 3419 886 3507 παραγωγόν
914 3421 1001 3488 ἐστιν
1028 3419 1092 3488 ἀπό
1130 3428 1190 3489 τοῦ
1216 3418 1294 3509 άγος
1322 3421 1431 3510 άγίζω,

153 3529 197 3610 τάς
220 3536 324 3617 τείχος
346 3534 474 3615 τειχίζω
506 3533 559 3596 καὶ
591 3528 674 3596 κατά
698 3528 863 3616 σογκοπήν
885 3524 961 3613 ἀζω.
1008 3528 1432 3613 cf.L0beokins„Path010-

152 3641 222 3723 giae
244 3660 289 3723 gr.
319 3636 625 3713 serm.el.“1356.
677 3635 715 3697 In
747 3636 849 3697 lexico
877 3637 1073 3718 grammatici
1103 3638 1319 3698 anctoritatem
1349 3639 1432 3700 exci-

154 3746 237 3808 disse
260 3745 395 3807 formula
418 3745 448 3810 οἱ
472 3747 508 3810 δὲ
533 3744 735 3827 perspicuum
757 3742 800 3805 fit.
827 3779 867 3786 -

244 3853 294 3933 36,
319 3854 358 3914 31
384 3872 411 3915 V.
436 3847 601 3918 ἀνόπαια
620 3898 872 3916 .........
898 3850 992 3917 ἔνιοι
1027 3851 1068 3916 δὲ·
1101 3848 1263 3926 ἀνοπαίως
1298 3845 1317 3917 ό
1345 3851 1432 3919 ἐστιν

154 3956 326 4044 ἀοράτως
349 3959 384 4020 cf.
410 3978 481 4021 cum
515 3957 610 4020 schol.
628 3983 648 4024 α
665 3958 728 4020 320
753 3957 770 4024 ὁ
794 3960 835 4024 δὲ
858 3952 1084 4041 Ἡρωδιανός
1107 3954 1246 4024 ἀνοπαῖα
1269 3954 1341 4025 ἀντὶ
1373 3965 1432 4025 τοῦ

154 4062 337 4151 ἀοράτως,
352 4065 383 4132 ἵν
398 4092 418 4150 η
437 4060 609 4149 οὐδέτερον
624 4061 863 4151 πληθυντικόν,
885 4061 929 4141 ὥς
946 4063 984 4131 τό
1007 4061 1133 4148 ,πυκνά
1148 4061 1232 4150 μάλα
1247 4062 1431 4150 στενάχων(ι

154 4170 205 4240 όιό
228 4175 281 4240 καί
300 4175 600 4258 προπερισιιαστέον
622 4175 726 4257 φησίν.
751 4208 792 4216 -

224 4311 319 4379 *)1ωο
338 4327 370 4364 ex
389 4309 524 4378 Hesychio
544 4311 718 4364 inserendum
743 4327 803 4365 esse
827 4314 969 4380 perspexit
987 4312 1018 4365 G.
1040 4309 1167 4378 Curtius,
1192 4310 1252 4366 Ber.
1273 4312 1321 4364 der
1341 4312 1429 4366 seclis.

154 4401 304 4455 Gesellsch.
325 4400 350 4455 d.
371 4400 422 4467 W„
442 4399 586 4468 phil-hist.
607 4404 638 4453 A.
659 4399 746 4453 XVlll
766 4418 791 4468 p.
815 4401 872 4454 149.
