2970 4898
674 164 893 236 ..10-

229 346 429 436 ’1νλαιιάμαιροι
455 351 526 430 157,
551 352 591 411 22
617 389 657 394 -
685 352 733 418 91,
759 352 800 411 24
825 371 852 412 v.
877 347 1020 435 ἰόμωροι;

229 447 320 548 χήτεϊ
344 461 415 541 167,
441 461 481 522 33
506 496 547 503 -
575 459 646 537 166,
671 460 712 519 28
736 479 765 519 u.
789 463 959 542 χατέουσα,

229 565 349 653 ιμιάδας
375 568 446 647 169,
467 569 508 630 20
532 605 573 610 -
601 565 671 638 116,
697 567 737 626 32
762 585 790 626 V.
814 561 987 648 νιφάδεσσι.

144 678 303 739 Postremo
327 682 432 736 antem
455 675 523 736 loco
551 679 614 736 tres
638 672 732 735 affero
764 672 897 754 glossae,
926 691 1007 754 quae
1035 673 1167 734 diversis
1195 673 1271 734 locis
1302 672 1420 733 eisdem

140 784 204 845 fere
218 782 323 845 verbis
342 781 523 860 traduntur,
543 780 575 842 id
593 780 676 862 quod
696 779 855 841 socordiae
867 779 1126 861 interpolatorum
1142 778 1345 839 tribuendum
1358 783 1419 839 est:

229 885 433 976 ἀγαπήνορος
456 890 485 966 4,
510 889 604 960 4-8,
631 888 663 964 9;

232 993 395 1083 δεδμήατο
421 996 471 1073 57,
497 995 613 1067 1-57,
641 994 697 1069 18,

230 1098 467 1186 ἐπαλλάξαντες
492 1103 541 1178 70,
567 1102 707 1180 26-75,
734 1099 811 1179 173³)

141 1213 228 1274 Haec
250 1213 313 1274 fere
336 1216 411 1274 sunt
434 1211 692 1293 interpolationis,
718 1230 798 1291 quae
814 1209 905 1271 nobis
929 1209 1161 1291 deprehendere
1184 1209 1347 1290 contingit,
1372 1209 1420 1268 in-

142 1320 230 1381 dicia.
279 1317 366 1393 Quae
391 1338 583 1400 quamquam
607 1317 764 1400 permulta
780 1324 864 1400 sunt,
886 1318 1047 1400 aliquanto
1063 1317 1155 1398 plura
1172 1316 1346 1378 detecturos
1364 1334 1421 1376 nos

140 1427 237 1488 fnisse
261 1433 380 1489 certum
404 1424 512 1493 habeo,
537 1426 564 1486 si
587 1424 710 1486 lexicon
737 1444 800 1486 non
825 1425 1022 1487 decurtatum
1042 1423 1080 1486 ab
1105 1421 1363 1506 epitomatoribns
1383 1422 1422 1483 ad

141 1553 199 1596 nos
222 1535 422 1616 pervenisset.
470 1530 528 1594 Sed
554 1532 784 1613 interpolatoris
809 1532 975 1594 consilium
1006 1541 1100 1612 atque
1123 1531 1264 1594 indolem
1287 1532 1364 1592 satis
1388 1532 1422 1591 in

142 1645 310 1722 ciinspectu
334 1640 476 1721 posuisse
499 1639 577 1699 mihi
600 1638 717 1701 videor.

747 1816 817 1896 §a

303 1958 353 2021 Ex
378 1959 487 2020 codem
511 1957 642 2019 consilio
665 1958 759 2019 lexici
783 1958 922 2018 tironum
947 1958 1019 2018 usui
1044 1957 1212 2039 adaptandi
1241 1955 1335 2018 fluxit
1359 1958 1423 2038 epi-

142 2072 331 2129 tomatorum
356 2084 457 2148 opera,
483 2065 538 2147 qui
562 2065 668 2126 doctas
693 2064 918 2146 disputationes
943 2070 978 2126 ul.
1005 2064 1150 2126 inutilem
1179 2064 1293 2125 molem
1322 2065 1423 2143 magis

249 2297 275 2363 *)
294 2295 335 2347 De
354 2293 450 2361 paucis
470 2292 567 2360 glossis
587 2293 638 2345 hoc
657 2292 810 2346 locoverba
828 2292 961 2362 facienda,
981 2308 1058 2360 quae,
1078 2299 1278 2359 quemquamst
1296 2292 1425 2359 ipsaehis

142 2385 327 2451 inveniuntur,
347 2384 425 2436 aliam
445 2389 538 2435 tamen
553 2389 653 2435 sortem
673 2381 796 2434 videntur
805 2382 943 2436 hahuisse.
971 2382 1032 2436 Non
1044 2383 1113 2435 enim
1124 2382 1291 2435 aredaetore
1305 2381 1425 2434 insertae

143 2478 218 2541 sunt,
234 2474 281 2526 sed
296 2490 362 2526 casu
377 2472 495 2538 quodam
504 2469 618 2524 fortuito
629 2472 714 2524 aloco
724 2488 772 2524 suo
792 2471 931 2525 abscissae
942 2474 970 2524 et
988 2474 1107 2525 remotae
1118 2470 1253 2524 videntur.
1291 2469 1335 2523 Sic
1355 2486 1425 2536 quae

144 2563 338 2631 leguntur57,6
349 2557 539 2627 δειδήμονες
550 2557 673 2629 εὐλαβεῖς,
684 2559 760 2626 παρὰ
768 2559 798 2611 τὸ
810 2557 986 2623 δέοςο157,24
998 2557 1188 2628 δειδήμονες
1198 2558 1426 2626 ε’λεήμονες,δειλοι’

144 2669 224 2705 unum
236 2650 357 2704 effecisse
368 2666 466 2718 corpus
476 2665 541 2702 voce
551 2646 687 2716 ἐλεήμονες
695 2649 836 2717 probatur,
847 2665 916 2715 quae
926 2648 996 2701 nihil
1006 2651 1077 2703 valet
1087 2650 1121 2702 ad
1134 2647 1284 2716 δειδήμονες
1293 2650 1425 2718 interpre-

142 2741 263 2802 tandum,
283 2739 331 2794 sed
349 2738 431 2793 lectio
451 2738 608 2792 Zenodotea
625 2754 674 2805 pro
694 2734 844 2804 δειδήμονες
862 2739 890 2790 in
910 2753 992 2792 versu
1015 2743 1041 2790 1¹
1049 2740 1082 2791 56
1102 2739 1188 2792 fuisse
1203 2737 1283 2791 nobis
1298 2738 1422 2792 traditur.

145 2832 245 2898 Liquet
269 2831 350 2897 igitur
368 2828 541 2895 Apollonium
560 2827 642 2880 buius
661 2827 786 2881 lectionis
802 2827 964 2880 mentionem
978 2826 1084 2891 fecisse,
1103 2828 1243 2880 alibrario
1258 2835 1347 2880 autem
1367 2845 1423 2881 rem

144 2937 197 2972 nou
217 2935 278 2972 esse
297 2925 476 2986 perspectam.
515 2915 554 2969 Cf.
566 2933 588 2970 e.
600 2935 625 2985 g.
638 2918 680 2985 73,
698 2919 710 2970 1
727 2914 802 2969 ἐπιδ
806 2937 827 2966 οι
834 2916 867 2968 od
873 2919 963 2984 μεθα
978 2915 1092 2969 ἐπιδόσει
1107 2917 1267 2985 τιμήσιιιμεν,
1281 2916 1327 2977 73,
1338 2917 1354 2968 2
1365 2915 1423 2968 ἐπι-

144 3008 320 3078 βιασόμεθα
331 3006 391 3058 ἀντὶ
402 3008 449 3057 τοῦ
460 3004 669 3075 ἐπιβοήσόμεθα,
684 3007 731 3058 ubi
741 3023 775 3058 ex
790 3014 998 3060 commemorata
1011 3006 1087 3060 varia
1100 3007 1216 3060 lectione
1232 3005 1424 3076 ε’πιβωαόμεθα

144 3103 173 3149 Κ
189 3097 242 3151 468
266 3097 402 3164 peculiare
426 3095 512 3149 fiebat
529 3095 634 3148 lemma.
673 3093 722 3149 eui
746 3096 785 3148 rei
809 3103 966 3163 argumento
987 3098 1042 3163 est,
1063 3096 1135 3162 quod
1151 3111 1285 3161 nusquam
1305 3095 1374 3148 alias
1394 3098 1422 3147 in

145 3185 214 3240 serie
234 3186 376 3238 verborum
396 3202 456 3238 cum
475 3183 519 3235 ἐπὶ
538 3184 748 3251 compositorum
759 3184 894 3237 receditur
905 3185 938 3237 ab
959 3185 1053 3237 ordine
1065 3185 1245 3252 alphabetico,
1264 3201 1327 3237 nam
1354 3185 1422 3252 74,7

145 3275 281 3330 intensiore
300 3292 349 3342 pro
360 3274 481 3329 ε’πιοεάας
499 3272 643 3339 legendum
662 3280 710 3325 est.
724 3305 755 3310 -
768 3271 856 3325 Etiam
868 3274 892 3333 9,
905 3273 937 3324 12
956 3270 1051 3326 οἷδινὸ
1059 3294 1073 3324 ν
1082 3275 1120 3341 κή
1126 3295 1141 3342 ρ
1153 3273 1184 3326 τὸ
1194 3270 1366 3343 περικάρδιον
1376 3274 1424 3341 κῆρ

145 3363 226 3421 οὕτως
245 3360 369 3432 εἰρῆσθαι
389 3361 481 3415 ἀδινὸν
499 3365 535 3428 τῷ
555 3364 629 3430 φύσει
645 3363 748 3415 πυκνὸν
758 3361 825 3414 εἶναι
844 3371 949 3430 partem
968 3363 1031 3415 olim
1047 3362 1131 3416 fuisse
1146 3363 1243 3430 capitis
1259 3359 1336 3414 ἀδινά
1354 3363 1378 3426 8,
1390 3364 1423 3416 27

145 3471 194 3522 pro
220 3462 294 3507 certo
319 3454 454 3506 affirmare
479 3453 573 3506 ausim.
613 3453 691 3519 Quod
716 3458 798 3519 caput
822 3458 849 3504 et
867 3451 957 3519 ipsum
976 3451 1135 3504 mendosum
1155 3467 1216 3504 esse
1235 3468 1296 3504 cum
1315 3452 1423 3505 Tollius

144 3543 337 3611 perspexisset,
357 3545 452 3594 tamen
472 3557 526 3593 non
545 3540 670 3594 adhibuit
688 3541 848 3594 medicinam
867 3541 1001 3594 idoneam.
1040 3539 1107 3593 Sunt
1127 3540 1197 3593 enim
1216 3540 1287 3592 inter
1306 3556 1336 3593 se
1355 3557 1425 3594 com-

144 3632 290 3685 mutandae
310 3631 361 3697 9,5
382 3636 409 3683 et
427 3631 479 3696 9,7
499 3630 647 3682 carminum
665 3630 868 3682 Homericorum
887 3637 968 3682 notae
991 3635 1014 3680 Τ
1031 3632 1059 3682 et
1073 3634 1097 3679 Ψ
1115 3632 1197 3695 atque
1216 3628 1293 3696 prius
1315 3625 1425 3689 ,ἀδινὸν

144 3724 210 3789 κήρ“
231 3723 255 3784 9,
272 3722 287 3773 6
307 3719 486 3773 revocandum
502 3718 536 3771 ad
555 3738 570 3768 τ
593 3720 644 3771 516
665 3723 790 3780 ,πυκιναὶ
810 3716 838 3771 δέ
856 3739 902 3786 μοι
922 3719 985 3786 ἀμφ’
1005 3716 1097 3770 ἀδινὸν
1116 3719 1165 3786 κήρ
1181 3717 1262 3780 ι’ξεῖαι
1283 3715 1426 3785 μελεδῶνες

145 3809 307 3883 ὀδυρομένην
332 3808 495 3877 spithamas*
523 3807 567 3860 cui
592 3809 652 3861 1000
676 3810 764 3862 versio
791 3809 918 3875 ,συνεχῶς
943 3807 1127 3875 λοπαδμενον“
1154 3807 1264 3876 egregie
1291 3811 1424 3862 convenit.

145 3903 266 3954 Alteram
286 3903 376 3952 autern
396 3897 604 3967 explicationem
615 3899 688 3952 vocis
699 3897 792 3950 ἀδινὶν
810 3901 859 3966 κήρ
879 3901 903 3959 9,
922 3900 953 3950 12
969 3899 1042 3951 haud
1058 3897 1114 3951 scio
1131 3915 1166 3950 an
1180 3897 1341 3965 Apollonius
1356 3908 1426 3953 attu-

145 3989 210 4042 lerit
229 3989 264 4041 ad
282 3988 516 4056 interpretandum
535 4004 640 4041 versum
650 3987 736 4040 11481
757 3986 827 4048 ,ἀλλ’
849 3986 916 4058 ἔβαλ’
938 3987 995 4040 ἕνθ’
1013 3986 1064 4056 ἄρα
1080 4007 1108 4039 τε
1122 3990 1212 4055 φρένες
1231 3986 1339 4054 ἔρχαται
1359 3989 1422 4056 ἀμφ’

146 4077 238 4130 ἀδινὸν
256 4080 331 4145 κήρ,“
353 4079 398 4144 qui
418 4085 490 4131 certe
510 4095 563 4130 non
578 4079 683 4145 respuit
700 4076 841 4145 physicam
857 4076 1074 4144 explanationem
1092 4077 1218 4130 vocabuli
1235 4074 1335 4127 ἀδινιίν.
1367 4078 1426 4130 lun·

146 4169 249 4236 gandae
270 4185 350 4236 porro
371 4176 434 4221 sunt
452 4167 568 4221 fortasse
587 4168 706 4234 glossae:

218 4258 379 4326 ἀπόπροθεν
398 4257 440 4318 39,
460 4256 574 4317 33—40,
595 4258 642 4322 23;

217 4344 342 4401 δάσονται
362 4348 403 4408 56,
423 4348 536 4417 22-56,
556 4348 604 4413 24,

218 4414 344 4498 ολέδασον
366 4436 424 4512 142,4
443 4437 476 4489 ‘All
496 4469 529 4475 —
549 4433 686 4488 σκίδναται
706 4435 765 4497 142,
785 4436 826 4488 22.
