2970 4898
691 171 910 240 -30—

160 353 347 436 Apollonius
381 355 561 415 Aristarcho
595 356 778 417 adversatur
810 373 925 416 nomen
958 355 1025 415 eius
1058 354 1212 418 omittens.
1275 351 1439 416 Miraberis

159 465 242 523 certe
266 480 361 543 quam
384 480 484 543 pauca
508 462 585 542 sint,
609 463 635 524 si
660 480 756 544 quam
779 462 887 523 multis
910 462 943 522 in
968 459 1122 543 capitibus
1138 459 1340 550 Aristarchus
1365 477 1439 520 con-

158 565 282 630 futandi
309 586 404 630 causa
432 569 586 630 excitetur
615 574 717 630 tecum
752 569 953 651 reputaveris,
1000 566 1112 649 Neque
1142 568 1265 649 magnis
1299 565 1438 649 profecto

158 675 189 735 in
224 673 317 736 rebus
353 674 522 736 ostendunt
554 676 631 750 loci,
665 695 744 758 quos
777 676 879 747 attuli,
913 675 1132 736 dissentientes
1167 673 1374 756 Apollonium
1408 678 1439 736 et

158 781 389 844 Aristarchum!
442 779 590 845 Consulto
618 784 715 865 igitur
741 783 880 844 noluisse
904 781 1028 843 videtur
1050 781 1239 863 Apollonius
1262 798 1440 863 repugnare

158 889 353 966 Aristarch0,
377 889 454 969 quin
471 890 537 950 eius
554 890 767 952 auctoritatem
784 889 976 972 produceret.
1009 886 1099 962 Quod
1116 888 1240 949 sirecte
1259 888 1437 971 statuimus,

158 997 273 1058 mirum
302 1001 456 1078 quantum
484 995 693 1078 amplificatur
720 997 814 1058 lexici
842 996 1023 1075 auctoritas,
1053 995 1198 1077 quamvis
1222 993 1341 1076 ubique
1365 1014 1439 1057 cau·

157 1103 275 1165 tionem
299 1102 445 1166 adhibere
468 1105 584 1166 misera
607 1104 674 1166 eius
696 1102 798 1166 forma
820 1103 903 1164 clare
926 1101 1100 1165 iubeamur.

246 1208 306 1272 Sed
329 1229 370 1272 ne
393 1211 444 1272 cui
473 1211 673 1294 neglegenter
700 1211 801 1293 egisse
828 1210 949 1290 videar,
972 1210 1036 1270 iam
1063 1208 1243 1271 >adscribam
1266 1210 1437 1273 nonnullos

157 1316 254 1384 locos,
291 1318 346 1399 qui
381 1337 454 1379 cum
485 1319 587 1400 primo
626 1324 753 1402 aspectu
789 1316 826 1379 ab
855 1316 1056 1378 Aristarchea
1090 1317 1232 1379 doctrina
1270 1315 1438 1380 abhorrere

156 1422 335 1493 videantur,
370 1442 461 1485 ame
489 1444 585 1507 supra
607 1426 715 1488 omissi
738 1429 821 1488 sunt.
880 1421 998 1486 Omnes
1031 1429 1135 1486 autem
1160 1441 1347 1486 enumerare
1371 1443 1433 1486 non

156 1533 290 1612 pertinet
313 1531 352 1592 ad
375 1531 542 1593 consilium
565 1550 679 1594 meum.

243 1639 293 1700 Ac
310 1639 449 1720 primum
466 1638 594 1720 quidem
610 1639 730 1721 profero
747 1639 904 1723 exempla,
920 1637 976 1699 ubi
991 1637 1174 1701 auctoribus
1194 1639 1232 1701 de
1252 1638 1436 1704 Aristarcho

156 1744 277 1826 aliquid
300 1743 503 1807 narrantibus
526 1744 604 1807 fides
628 1744 812 1827 deneganda
835 1749 895 1808 est:

246 1852 296 1930 99,
323 1853 364 1913 23
387 1871 417 1913 v.
441 1847 597 1938 Κήτειοι
625 1856 718 1939 γένος
741 1859 875 1920 Μυσῶν.
899 1859 967 1919 των
990 1847 1076 1935 ἅπαξ
1099 1854 1282 1938 εἰρημένων.
1322 1852 1439 1917 Contra

156 1958 374 2021 Aristarchum
397 1955 519 2046 κήτειοι
541 1979 617 2022 voce
644 1956 774 2045 μεγάλοι
801 1957 974 2021 reddidisse
1005 1964 1112 2022 narrat
1139 1961 1280 2023 scholion
1308 1967 1327 2027 t
1362 1962 1436 2040 521,

155 2064 193 2127 dc
216 2067 307 2128 cuius
330 2071 435 2128 tamen
458 2065 521 2128 fide
543 2067 607 2128 iam
629 2065 800 2129 Lehrsius³
818 2087 846 2149 p.
873 2067 935 2128 152
959 2072 1042 2129 recte
1066 2066 1228 2130 dubitavit.
1254 2105 1296 2112 -

246 2173 295 2252 16,
320 2174 339 2235 8
356 2195 384 2236 v.
408 2175 617 2260 αἰοοντῆρι.
657 2172 690 2236 Si
706 2171 864 2254 Didymus
881 2173 920 2236 ad
943 2174 1047 2240 5234?
1066 2193 1130 2236 non
1149 2174 1242 2236 modo
1261 2174 1439 2256 lectionem,

155 2279 210 2342 sed
248 2281 342 2342 etiam
383 2281 594 2363 metaphrasin
640 2281 815 2343 Aristarchi
860 2279 952 2343 nobis
984 2279 1125 2360 tradidit,
1159 2281 1341 2344 mirandum
1380 2287 1437 2353 est,

156 2386 239 2468 quod
286 2388 367 2470 Apio
413 2387 522 2449 eodem
560 2387 653 2450 modo
693 2393 787 2472 atque
825 2388 1027 2450 Aristarchus
1072 2389 1295 2472 interpretatur
1339 2389 1437 2464 lexin,

156 2512 251 2575 quam
284 2494 373 2556 ahter
405 2493 521 2557 scribit.
578 2493 639 2558 Sed
671 2495 757 2557 haud
790 2497 854 2558 scio
887 2514 927 2557 an
959 2494 1052 2557 liceat
1083 2496 1237 2579 suspicari
1261 2494 1438 2576 Didymum

155 2618 289 2680 errasse,
313 2620 386 2663 cnm
409 2601 598 2684 Apollonius
621 2602 673 2665 hio
696 2607 732 2665 ut
755 2603 832 2665 alias
856 2601 1016 2686 Apionem
1039 2621 1193 2664 novarum
1217 2621 1323 2666 rerum
1351 2605 1440 2687 cupi-

155 2706 231 2769 dum
248 2709 343 2770 armis
360 2727 400 2770 ex
418 2709 620 2787 Aristarchea
630 2709 823 2793 supellectile
843 2709 1017 2791 desumptis
1032 2710 1216 2792 propulsare
1231 2711 1383 2774 rideatur.
1396 2749 1438 2757 —-

243 2920 379 2983 Exstant
402 2928 506 2983 autem
530 2924 663 2986 nonita
694 2922 787 3005 pauci
818 2922 893 3003 loci,
929 2921 1044 3005 quibus
1068 2925 1309 3006 epitomatorum
1343 2925 1439 3009 culpa

156 3027 300 3089 effectum
325 3034 384 3108 est,
408 3033 444 3090 ut
467 3029 656 3112 Apollonius
681 3031 875 3094 adversantis
898 3030 1082 3093 Aristarcho
1106 3032 1241 3113 speciem
1264 3030 1437 3113 praeberet.

154 3133 270 3197 Veram
294 3144 400 3198 tamen
417 3136 576 3218 Apollonii
595 3140 783 3200 sententiam
802 3155 987 3219 cognoscere
1010 3137 1101 3200 nobis
1124 3138 1197 3200 licet
1212 3156 1252 3199 ex
1267 3137 1438 3218 Hesychia

156 3240 208 3303 Sic
231 3246 325 3325 caput
347 3239 558 3331 ἀργεϊφόντης
581 3245 633 3326 42,
663 3244 704 3308 10
731 3244 862 3307 fortasse
886 3245 961 3306 olim
985 3241 1164 3305 continebat
1192 3245 1438 3327 explicationem

153 3350 237 3410 inter
259 3349 336 3411 alias
360 3348 399 3411 ab
422 3349 582 3431 Hesychia
605 3357 778 3414 servatam:
802 3355 924 3436 ταχέως
946 3355 1000 3418 καὶ
1023 3357 1148 3436 τρανῶς
1170 3348 1438 3439 ἀποφαινόμενος,

154 3476 250 3538 quam
273 3457 456 3519 Aristarcho
489 3457 594 3521 deberi
620 3457 873 3542 Sengebusohius
904 3457 1139 3540 „Aristonicea”
1172 3480 1200 3542 p.
1231 3460 1272 3521 26
1297 3461 1438 3544 suspica·

154 3568 205 3626 tus
230 3569 283 3626 est.

242 3672 293 3752 50,
325 3673 373 3747 ll,
398 3670 517 3757 όωροι
548 3682 616 3741 τῶν
642 3675 702 3759 μὲν
734 3669 820 3756 ἅπαξ
851 3675 1039 3759 εἰρημένων,
1072 3669 1165 3758 ιόμοί,
1199 3675 1269 3741 ἐπεὶ
1301 3677 1438 3761 λέγομεν

153 3775 291 3863 ιόρίμους
314 3776 458 3863 καρποός
481 3777 557 3856 τούς
578 3784 764 3865 πεπείρους,
789 3777 878 3865 οόμόν
902 3783 939 3847 δὲ
962 3777 1021 3847 τόν
1036 3777 1156 3866 ἄγριον.
1180 3783 1265 3857 τινὲς
1281 3783 1318 3847 δὲ
1334 3777 1438 3867 ἄωροι

153 3882 344 3968 ἀφύλακτοι,
376 3882 431 3963 οὓς
462 3884 522 3954 οὐκ
554 3888 620 3954 ἔστι
653 3885 862 3972 φυλάξασθαι.
921 3887 1049 3951 Plenior
1080 3894 1125 3952 est
1153 3889 1334 3969 Hesychius
1358 3909 1381 3952 s
1406 3911 1435 3954 v,

152 4078 246 4148 inepte
269 4080 453 4134 masculinum
478 4085 507 4134 et
531 4080 697 4134 femininum
721 4081 924 4135 discernuntur.
977 4081 1019 4146 36,
1044 4082 1079 4136 29
1103 4101 1127 4136 v.
1154 4082 1270 4134 ἀντιόων
1297 4099 1348 4151 per
1372 4100 1436 4152 par·

152 4167 281 4237 ticipium
299 4168 387 4223 futuri
409 4154 505 4237 potius
530 4169 723 4239 explicandam
746 4169 830 4223 fuisse
853 4168 927 4222 lexin
951 4169 1052 4223 statuit
1070 4168 1292 4239 Sengebuschius
1311 4169 1436 4234 „Aristo-

152 4256 248 4310 nicea’'
267 4276 294 4327 p.
315 4259 357 4312 20.
377 4290 410 4297 -
430 4255 514 4325 ὀίητον
535 4260 574 4324 12,
597 4259 609 4312 l
631 4263 660 4313 et
679 4258 798 4329 ὀρίνετον
810 4246 882 4320 122,
902 4257 937 4312 33
954 4256 984 4312 in
1003 4258 1127 4312 versibus
1146 4260 1158 4312 I
1177 4260 1194 4312 4
1213 4262 1242 4313 et
1261 4259 1277 4312 5
1295 4258 1435 4328 explican-

152 4347 194 4399 dis
221 4364 271 4416 pcr
298 4348 494 4416 imperfectum
522 4347 611 4400 reddit
637 4348 800 4416 Apollonius
828 4346 857 4399 in
885 4364 1005 4400 errorem
1030 4347 1126 4416 lapsus
1151 4348 1184 4402 cf.
1204 4347 1434 4421 Friedlaenderus

153 4436 252 4501 Philoh
272 4437 316 4497 vl,
336 4456 363 4506 p.
384 4439 433 4491 671
455 4454 499 4490 an.
518 4439 543 4491 4.
564 4468 597 4475 —
