2970 4898
635 181 855 243 „13-

208 362 267 443 Ap.
301 362 357 440 48,
392 360 409 420 6
449 356 697 444 αὐτοχόωνον
730 339 987 444 αι’τοχοόνευτοιά,
1026 357 1046 447 ἢ
1077 362 1131 426 καί
1164 357 1209 436 aig
1246 359 1384 442 [εἰκαίως

97 469 222 554 mavult
244 465 417 549 Bekherus]
442 464 692 553 κεχωνευμένον.
746 466 853 530 Verba
880 467 1013 530 obscura
1036 468 1236 530 illustrantur
1258 464 1385 545 Hesy-

99 575 192 637 chio
216 595 240 641 s
263 595 307 641 va
331 569 583 658 αὐτοχάνευτον.
606 570 662 642 ἀπ’
685 571 784 660 αὐτῆς
806 581 864 661 τῆς
891 578 1026 659 χωνείας
1054 573 1092 642 τά
1119 577 1243 641 τέλειον
1270 573 1388 656 έχοντα

98 684 153 749 καὶ
175 678 218 768 μή
241 676 481 766 προσδεόμενον
504 677 602 748 άλλσυ
624 678 711 758 τινός
733 684 778 759 εἰς
801 678 1032 770 συμπλήρωσιν.
1056 679 1077 768 ή
1099 676 1277 764 αι’νιόχυτον
1299 673 1383 762 ὅλον,

99 791 296 873 στερέμνιον,
321 786 360 856 οὐ
381 795 501 856 κοῖλον.
546 788 585 852 In
608 790 778 872 Apollonio
798 809 854 872 pro
877 792 930 857 xci
954 786 998 866 ως
1020 788 1151 852 fortasse
1173 780 1255 852 ὅλων
1279 783 1383 867 legen-

100 896 186 959 dnm.
212 931 252 940 -

189 1020 249 1103 Ap.
275 1020 356 1101 60‚3
372 1017 620 1105 δολιχόσκιον
648 1017 720 1108 ήτοι
742 1017 868 1106 μακράν
891 1019 984 1087 σκιάν
1007 1019 1095 1104 έχον,
1120 1020 1155 1103 ἐξ
1177 1013 1217 1085 οὗ
1241 1013 1278 1085 τό
1302 1013 1399 1103 μέγα,

100 1132 263 1213 δηλοῦται.
286 1123 359 1214 ήτοι
373 1127 459 1190 istud
474 1128 593 1190 indicat
615 1126 769 1190 lacunam.
816 1127 943 1190 Plenior
965 1126 1179 1207 Hesychius
1203 1146 1226 1187 s.
1250 1147 1292 1186 v.:
1325 1151 1382 1210 μα-

99 1233 181 1319 κράν
205 1233 279 1318 έχον
295 1232 401 1317 σκιάν,
425 1229 628 1319 μακρόσκιον,
653 1234 688 1316 ἐξ
710 1226 750 1300 οὗ
771 1231 810 1301 τό
832 1231 914 1320 μέγα
930 1239 1092 1321 δηλοῦται.
1115 1229 1137 1320 ή
1159 1229 1284 1319 μακράν
1300 1227 1382 1299 ἰέναι

100 1337 289 1427 δυνάμενον.
313 1341 348 1402 cf.
372 1339 459 1402 schol
482 1339 571 1421 (Ven.
595 1341 644 1417 A.)
669 1347 704 1408 Γ
721 1341 792 1403 346.
817 1379 859 1386 -

207 1466 266 1549 Ap.
292 1466 343 1547 66,
368 1467 408 1530 13
437 1462 627 1549 ἐλέφαντα
652 1465 691 1533 τδ
715 1464 930 1551 ἐλεφάντινον.
981 1466 1115 1549 Aliquid
1138 1466 1294 1528 excidisse
1316 1467 1382 1527 iam

101 1574 412 1658 Villoisoperspexit.
430 1572 466 1635 cf.
483 1571 674 1635 Forsmanus
690 1593 719 1656 p.
731 1573 801 1636 109.
835 1573 1051 1654 Hesychius
1075 1579 1183 1636 contra
1199 1571 1294 1636 habet
1309 1593 1332 1636 s.
1350 1593 1379 1636 v,

101 1678 138 1749 τό
162 1677 370 1766 ἐλεφάντινον
392 1676 517 1747 ὀστοῦν.
551 1677 663 1764 „nied
687 1675 742 1748 ὅτε
765 1706 813 1758 τις
840 1681 999 1766 ἐλέφαντα
1025 1677 1125 1767 γυνή“
1158 1680 1189 1747 οἱ
1219 1682 1256 1747 δέ
1284 1675 1382 1748 λευκά

103 1789 170 1874 ἔρια
193 1792 251 1851 etc.
277 1787 314 1853 cf.
339 1787 538 1849 Aristonicus
563 1787 601 1850 ad
624 1793 649 1856 Δ
674 1789 747 1850 141.
772 1825 814 1834 -

207 1913 267 1996 Ap.
294 1912 343 1993 78,
368 1913 387 1974 8
412 1911 562 1996 ἑταῖροι
593 1917 680 1996 φίλοι
712 1933 860 1976 mancum
895 1932 963 1976 esse
997 1913 1105 1997 procul
1140 1911 1235 1975 dubio
1259 1914 1331 1992 erit,
1355 1913 1382 1974 si

102 2020 184 2104 leges
207 2021 241 2082 in
256 2019 417 2100 Hesychio
436 2039 459 2082 s.
476 2041 522 2082 v.:
548 2023 633 2103 φίλοι
657 2016 758 2103 ,μακά
769 2046 831 2104 περ
860 2017 1039 2104 πάσχοντες
1067 2017 1206 2105 ἑταῖροί·
1229 2021 1283 2086 καί
1308 2038 1381 2085 συν-

104 2131 187 2214 εργοί
210 2135 331 2196 ναῦται.
356 2127 392 2192 cf.
416 2128 475 2211 Ap.
501 2125 592 2211 Soph.
620 2127 670 2208 78,
696 2128 736 2190 10
759 2147 787 2188 v.
817 2127 997 2212 ἑταιρίσσαι.
1043 2126 1217 2190 Lehrsius3
1243 2126 1313 2190 116.
1339 2162 1380 2170 -

207 2250 305 2313 Plura
328 2253 472 2335 exempla
496 2254 541 2314 rei
564 2252 702 2335 liquidae
716 2252 902 2335 supersedeo
919 2271 1109 2316 coacervare.
1148 2251 1231 2315 Nam
1246 2270 1380 2334 pronum

103 2357 163 2419 iam
195 2356 344 2422 lectorem
377 2378 444 2422 esse
477 2377 575 2442 spero,
610 2364 645 2421 ut
676 2378 801 2422 mecum
832 2359 925 2422 faciat
958 2362 990 2422 in
1020 2359 1176 2442 ambiguis
1208 2359 1271 2421 illis
1304 2359 1381 2420 locis

105 2464 320 2530 diiudicandis.
366 2467 598 2550 Aggrediamnr
624 2466 722 2548 igitur
744 2466 783 2528 ad
808 2486 862 2547 ea,
891 2486 971 2550 quae
994 2466 1035 2528 M.
1060 2466 1252 2529 Schmidtius
1285 2485 1313 2526 v,
1336 2464 1379 2526 ill.

106 2571 140 2633 de
162 2570 325 2652 Hesychio
349 2573 468 2636 docuit:
494 2570 698 2647 Quaestiones
714 2572 934 2654 Hesychianae
953 2595 983 2657 p.
1002 2573 1091 2637 CXV
1115 2595 1177 2636 an:
1204 2573 1378 2655 „Apionem

104 2677 208 2741 laudat
240 2699 263 2742 s.
287 2700 315 2742 r.
338 2676 422 2756 άδις.
455 2681 631 2765 αίσορτήρι.
660 2677 904 2767 θαλαμηπόλος.
930 2677 1101 2757 ἰονθάδος.
1129 2677 1201 2766 κήξ.
1230 2675 1379 2765 μηκάδες.

103 2793 238 2872 Μηονεῐ.
266 2783 392 2874 μήνιμα.
416 2782 628 2871 οὐδενόσωρα.
652 2784 761 2854 πόποι.
785 2785 971 2874 φοινήεντα.
1004 2784 1236 2872 χαμαιευνάδες
1268 2792 1298 2848 et
1318 2787 1380 2847 nisi

102 2893 255 2974 scriptura
285 2893 365 2955 fallit
400 2900 483 2970 (nam
520 2891 661 2955 Platonis
706 2895 887 2956 meminisse
932 2895 1067 2974 ridetur)
1101 2914 1124 2958 s.
1157 2915 1185 2960 v.
1210 2889 1379 2978 ‹tyapzodu

101 2995 287 3061 Helidorum
300 3019 322 3062 s.
339 3019 366 3060 V.
390 2996 530 3066 άδευκεῖ.
554 2996 719 3085 άμφουδις.
744 2996 957 3086 ἀμενήνωσεν.
981 2997 1138 3087 άναχωχή.
1163 2998 1378 3085 άνακτορίῃσι.

101 3101 294 3172 άνάπτυστα.
340 3104 400 3167 His
438 3124 511 3168 vero
539 3106 616 3169 locis
648 3127 713 3169 non
746 3107 863 3169 scholia
890 3108 1088 3190 intelegenda
1111 3114 1199 3188 sunt,
1228 3107 1282 3170 sed
1307 3128 1379 3170 auc-

100 3212 208 3273 toritas
230 3210 370 3294 putanda
394 3211 432 3274 ah
456 3213 624 3294 Apollonio
658 3212 803 3296 Sophista
831 3232 898 3275 esse
929 3215 1077 3297 apposita.
1125 3213 1276 3277 Similiter
1310 3216 1379 3276 Ari·

100 3320 212 3381 stonici
238 3321 355 3382 mentio
383 3339 406 3381 s.
431 3341 459 3381 v,
488 3317 665 3407 άκοστήσας
692 3328 722 3385 et
750 3318 881 3384 Comani
909 3342 932 3384 s.
961 3343 989 3389 v,
1018 3324 1190 3409 αἰνίξομαι,
1232 3320 1378 3406 ἁλίπλοα,

100 3423 231 3488 Cratetis
264 3447 287 3488 s.
320 3447 348 3488 v,
376 3423 500 3493 ἐνώπια
532 3434 562 3490 et
592 3425 730 3515 ήμεροῦν
759 3436 789 3492 et
817 3429 991 3493 Aristarchi
1015 3450 1037 3492 s.
1066 3450 1094 3494 r.
1123 3427 1316 3516 ἀντιάνειραι
1340 3432 1378 3492 al.

99 3531 266 3615 Apollonio
299 3532 454 3595 debetur.“
510 3533 597 3609 Quae
630 3537 773 3619 exenrpla
800 3538 828 3600 si
859 3538 932 3600 licet
962 3556 1158 3620 percensere,
1197 3538 1378 3617 tredecim*)

98 3639 173 3702 locis
198 3640 279 3724 Apio
302 3641 450 3703 laudatur
473 3641 511 3703 ab
535 3642 709 3723 Hesychio,
734 3665 866 3726 quorum
898 3645 960 3708 duo
985 3646 1073 3708 nullo
1097 3666 1228 3708 numero
1247 3647 1379 3728 putandi

99 3751 183 3808 sunt:
235 3742 308 3823 άδις
353 3767 425 3809 oum
472 3748 676 3832 depravatum
709 3753 749 3813 sit
777 3757 806 3813 et
840 3749 1004 3837 άχυρτοός.
1078 3752 1141 3815 Sex
1170 3759 1273 3816 autern
1302 3754 1378 3815 locis

99 3853 298 3939 (αἱμασιαί**)
331 3855 496 3941 αἰσυιχτῆρι
520 3853 675 3933 ἰονθάδος
701 3855 761 3944 κήξ
791 3855 909 3946 ,μήνιμα
933 3857 1173 3944 χαμαιευνάδες)
1199 3860 1378 3939 Hesychius

100 3967 191 4045 atque
214 3959 402 4044 Apollonius
426 3965 596 4026 concinunt
618 3966 652 4026 in
668 3966 791 4048 Apione
807 3967 940 4047 citando,
963 3967 1019 4029 ubi
1052 3972 1158 4030 tamen
1181 3968 1378 4048 Hesychiunr

102 4147 309 4162 ———-=

142 4310 144 4315 ⁴
202 4261 226 4331 *)
246 4260 298 4315 Pro
327 4267 444 4331 Μηονεῖ,
474 4265 546 4330 qnod
576 4273 604 4317 et
631 4266 689 4333 ipse
718 4266 819 4320 l'rustra
848 4266 981 4333 quaesivi,
1019 4270 1098 4335 Hugo
1136 4268 1269 4321 Weberus
1306 4268 1376 4320 Phil.

102 4349 187 4418 suppl.
205 4349 244 4402 ΠΙ
261 4368 289 4419 p.
309 4351 357 4404 581
380 4369 423 4405 an.
444 4353 494 4405 183
512 4353 627 4408 inseruit
645 4349 775 4420 αιζιιασιαί.

203 4438 243 4508 **)
263 4435 388 4507 αἰμασιαί
405 4459 422 4494 a
440 4443 541 4494 Weber
559 4443 576 4495 l.
597 4443 614 4495 l.
634 4444 765 4496 immerito
786 4444 866 4497 alteri
886 4445 969 4498 classi
988 4446 1155 4516 adscriptum
1175 4455 1224 4501 est.
