2970 4898
678 121 875 183 ,8-

145 296 267 374 Quibus
303 298 462 362 addendae
495 303 569 362 sunt
602 318 656 360 eae
688 298 800 368 lexeis,
837 320 917 382 quae
952 320 1022 363 cum
1058 299 1180 364 duabus
1204 301 1423 365 contineantur

147 406 290 480 vocibus,
319 406 368 469 bis
392 413 518 470 exstant
540 408 573 468 in
597 407 706 469 lexico.
732 406 784 469 Sic
801 409 873 486 139,
897 410 938 470 24
963 405 1087 494 ῥῶγας
1113 409 1171 485 τάς
1182 414 1320 494 θυρίδας
1343 412 1424 472 male

144 513 332 576 translatum
356 531 423 574 esse
447 532 487 574 ex
504 513 554 592 30,
564 514 607 578 26
624 510 714 595 ἀναρ
725 521 847 600 ρώγας
862 512 1047 601 μεγάροιο
1062 516 1136 578 inde
1152 523 1243 599 patet,
1256 518 1339 599 qnod
1358 517 1423 579 illic

145 639 210 682 una
228 620 419 702 permittitur
434 621 664 702 interpretatio,
681 640 754 683 cum
771 621 821 681 hic
837 621 918 682 inter
938 620 1052 683 multas
1069 622 1206 703 eligendi
1224 625 1306 705 optio
1323 624 1421 687 detur.

145 725 234 789 Idem
250 727 416 789 dicendum
443 727 480 788 de
504 725 702 812 γναμπτάς
726 726 854 802 ἕλικας
879 729 928 800 55,
956 729 1004 804 14,
1030 728 1113 810 quod
1137 728 1174 790 cf.
1200 749 1272 791 crim
1297 730 1424 806 ἕλικας

147 833 198 904 66,
221 834 269 895 19.
316 832 433 896 Eadem
459 841 505 897 est
528 833 669 896 condicio
686 835 795 915 capitis
818 834 967 918 ἐπίουρος
991 836 1041 914 73,
1060 836 1109 906 34,
1126 835 1210 917 quod
1227 843 1423 899 contractum

146 958 214 1003 esse
252 959 292 1002 ex
328 937 440 1026 Κρήτη
476 941 628 1023 ἐπίουρον
653 943 724 1012 104,
756 943 773 1002 7
797 939 878 1023 fugit
900 939 1089 1004 Lehrsium3
1126 962 1155 1023 p.
1188 943 1258 1004 107.
1316 943 1425 1006 Cetera

147 1048 292 1130 exempla
315 1053 402 1110 sunt:

237 1151 386 1239 ἀνιεμένη
409 1152 460 1227 34,
485 1155 526 1217 32
552 1192 593 1200 -
617 1151 740 1222 κόλπον
764 1152 912 1241 ἀνιεμένη
938 1156 1009 1235 102,
1035 1154 1067 1231 0,

238 1256 319 1347 έωγή
344 1262 394 1342 93,
421 1263 462 1325 28
488 1299 529 1306 -
554 1258 682 1349 όπιισγή
708 1262 780 1339 160,
803 1263 860 1339 28,

236 1364 407 1453 ὀσσόμενος
432 1369 503 1448 123,
527 1369 568 1430 25
594 1405 635 1412 -
659 1365 730 1434 κάκ’
753 1364 925 1453 ὀσσόμενος
950 1369 1000 1447 94,
1028 1369 1082 1447 16,

239 1478 389 1562 πελέκκῳ
415 1475 486 1548 131,
513 1476 531 1536 3
558 1512 596 1520 ·—
622 1472 701 1560 ἀμφὶ
724 1470 874 1560 πελέκκῳ
898 1474 940 1535 26
975 1475 1033 1552 20,

238 1578 379 1667 στεφάνη
405 1581 477 1662 144,
501 1582 542 1643 22
568 1618 608 1625 -
632 1580 714 1648 κατά
738 1577 897 1666 στεφάνης
923 1582 971 1655 97,
998 1581 1046 1644 12.

236 1687 538 1770 Frequentissimnm
575 1707 648 1750 vero
694 1706 795 1770 genus
841 1688 1089 1770 interpolationis
1122 1707 1159 1750 ea
1199 1708 1233 1750 re
1272 1688 1425 1752 efficieba-

148 1802 208 1868 tur,
245 1796 329 1879 quod
362 1817 403 1861 ex
434 1795 587 1882 capitibus
620 1815 683 1857 uno
717 1801 823 1857 tenore
856 1796 1032 1878 complures
1067 1814 1159 1857 voces
1193 1795 1426 1878 explicantibus

149 1903 292 1985 singulae
320 1904 421 1967 lexeis
450 1903 634 1986 desumptae
663 1923 720 1965 suo
749 1903 816 1964 loco
850 1901 1043 1984 alphabetico
1072 1902 1300 1966 inserebantur.
1357 1901 1429 1978 Qua

149 2012 181 2072 in
205 2030 333 2074 recum
357 2031 423 2073 non
445 2012 489 2074 ita
512 2031 582 2073 raro
606 2013 638 2072 in
664 2029 783 2073 errores
806 2010 968 2072 incidisset
990 2011 1146 2089 redactor,
1176 2012 1427 2094 interpolationis

154 2117 271 2180 indicia
292 2118 360 2201 ipse
384 2118 422 2180 ad
445 2138 503 2180 nos
528 2118 645 2180 detulit.
699 2117 741 2180 Ut
763 2117 879 2178 lemma
902 2115 940 2178 ab
964 2115 1102 2180 Homero
1135 2119 1274 2180 alienum
1302 2120 1429 2195 ένοοις

151 2224 201 2305 68,
217 2225 258 2286 21
275 2225 385 2308 petivit
408 2244 447 2288 ex
465 2227 516 2303 64,
532 2226 551 2289 9
572 2245 601 2290 v,
625 2225 854 2309 εἰνοσίφυλλον,
878 2223 933 2286 ubi
956 2225 1059 2300 ἔνοσις
1075 2224 1257 2307 explicatur.
1275 2262 1316 2269 —
1339 2227 1390 2306 58,
1406 2229 1426 2288 3

151 2336 315 2420 δεφῆσαι
337 2327 481 2418 μαλάξαι,
508 2349 588 2414 quae
610 2330 710 2392 forma
728 2331 760 2392 in
778 2329 916 2393 Homero
933 2350 997 2393 non
1020 2331 1143 2414 legitur,
1167 2331 1357 2414 descriptum
1382 2338 1429 2395 est

150 2458 192 2503 ex
217 2439 244 2512 9,
268 2440 308 2502 21
339 2435 537 2524 ἀδέψητον
570 2433 762 2522 ἀμάλακτον,
797 2433 868 2505 οἷον
895 2434 1070 2524 ἀνέργασον
1093 2487 1258 2503 ......
1295 2435 1334 2504 τό
1368 2437 1428 2524 γάρ

151 2549 315 2631 δεφῆσαι
347 2546 401 2611 ἐπέ
432 2551 492 2611 τοῦ
522 2541 658 2629 μαλάξαι
688 2546 810 2628 τίθησι,
843 2540 995 2628 καθάπερ
1028 2546 1081 2613 ἐπὶ
1104 2556 1164 2614 τοῦ
1185 2552 1286 2632 κηροῦ
1309 2541 1430 2632 ,κηρόν

151 2649 294 2738 δεψήσας
315 2649 493 2738 μελιηδέα.“
518 2686 559 2694 --
579 2649 763 2733 Excepioso
787 2651 886 2732 capite
914 2647 998 2717 ἀντί
1023 2654 1097 2731 31,9
1118 2653 1281 2716 fluxerunt
1303 2656 1360 2728 33,
1388 2657 1428 2715 16

151 2757 317 2843 ἀντίθεον,
346 2761 495 2842 quoniam
519 2759 570 2820 hic
593 2758 754 2841 statuitur,
784 2758 868 2840 quod
899 2759 1070 2821 nonnullos
1093 2760 1243 2823 maluisse
1265 2761 1331 2823 illio
1358 2781 1430 2823 nar-

151 2873 252 2947 ratur,
282 2872 312 2929 et
335 2868 387 2947 33,
413 2868 452 2928 19
477 2862 712 2948 ἀντιάνειραι
744 2865 939 2942 ἐπιθετικῶς
973 2865 1006 2932 αἱ
1028 2862 1196 2951 Ἆμαξόναι
1219 2868 1251 2934 αἱ
1271 2869 1430 2954 ἴσανδροι·

152 2977 320 3059 πολεμικαὶ
342 2970 411 3059 γάρ,
436 2973 490 3035 ubi
515 2975 703 3058 ,πολεμικαὶ
726 2968 805 3056 γάρ“
829 2970 994 3034 librarium
1016 2993 1128 3056 parum
1152 2981 1333 3037 accuratum
1357 2995 1431 3038 con-

153 3083 259 3160 vincit,
289 3083 343 3163 qui
371 3087 472 3142 totum
500 3099 628 3142 versum
657 3078 890 3142 antecedentem
917 3079 970 3140 isti
997 3084 1166 3166 πολεμικαὶ
1193 3079 1266 3168 γάρε
1291 3082 1370 3150 ἔνιοι
1394 3085 1431 3149 δὲ

152 3186 209 3263 τοὶς
248 3184 469 3271 ἀντιαζοόσας,
505 3183 576 3254 οἷον
610 3187 866 3270 ἐναντιουμένας,
902 3183 1036 3270 ἀνδράσι
1070 3189 1124 3268 31,
1159 3189 1197 3249 17
1231 3188 1433 3271 neglegenter

153 3295 265 3357 omisit.
290 3294 435 3357 —Item
459 3295 514 3368 57,
538 3296 578 3356 21
606 3289 887 3360 δεικανάασ9αι
911 3290 1062 3378 διαλόγου
1086 3291 1254 3377 ἀξιοῦσθαι
1277 3296 1431 3360 mendose

154 3402 376 3484 transcriptum
401 3406 447 3463 est
470 3421 510 3464 ex
534 3403 633 3483 capite
657 3403 708 3480 43,
728 3402 769 3464 20
793 3399 1014 3486 ἀριδίκετος
1037 3397 1152 3486 όάγαν
1166 3399 1329 3479 ἀσπαστός
1344 3401 1433 3487 παραὶ

153 3505 191 3576 τό
209 3513 411 3587 δικανᾶσάαι,
426 3503 446 3574 ό
461 3506 527 3574 ἐστι
544 3511 738 3590 δεξιοῦσθαι.
763 3506 871 3571 Scribe
887 3508 984 3589 igitur
1006 3527 1062 3589 pro
1079 3504 1231 3592 διαλόγου
1250 3507 1430 3591 άξιοῦσδαιε

156 3619 177 3682 d
182 3625 220 3698 εξ
226 3622 388 3682 ιοῦσδαι.
422 3614 510 3677 Istud
526 3621 629 3676 autom
647 3611 798 3698 διαλόγου
814 3613 981 3676 delendum
992 3615 1096 3696 potius
1113 3634 1209 3695 quam
1219 3616 1252 3675 in
1270 3614 1323 3681 διοὶ
1335 3613 1432 3701 λόγου

155 3722 342 3784 nudandum
358 3740 426 3783 esse
448 3722 624 3803 putaverim
651 3728 776 3803 propter
799 3740 926 3784 versum
949 3720 1043 3783 086:
1069 3717 1206 3801 ,πάντες
1230 3718 1363 3808 ἀνήϊξαν
1379 3726 1432 3789 καὶ

159 3825 374 3896 δεικανόωντο
391 3825 574 3894 δέπασσιν.“
603 3827 717 3889 Parum
733 3829 817 3890 enim
833 3827 1013 3889 verisimilis
1024 3835 1071 3889 est
1086 3829 1191 3910 opinio
1208 3827 1433 3910 Sengebusclrii

157 3956 184 3998 v.
208 3934 250 3996 ill.
268 3932 579 4016 (Papa-Sengebusclr
596 3933 974 4015 „Griechisch-deutsches
990 3933 1301 3997 Handwtlrterbuoh“
1322 3937 1368 3998 ed.
1384 3936 1433 3998 HI

157 4063 186 4107 v.
216 4039 432 4127 δεικανάομαι)
457 4043 512 4123 qui
536 4041 741 4123 Apollonium
764 4043 880 4103 tuitnm
904 4059 971 4102 esse
994 4043 1127 4102 coniecit
1149 4041 1315 4104 lectionem
1336 4042 1433 4105 Zeno-

158 4149 280 4211 doteam
308 4147 346 4210 ab
374 4149 556 4211 Aristarcho
593 4150 821 4230 impugnatam:
847 4145 1074 4231 ,δεικανόωντ’
1098 4148 1269 4215 ἐπέεσσινιι.
1315 4147 1433 4211 Natum

157 4263 263 4318 autem
286 4255 501 4316 videturesse
524 4252 675 4340 διαλόγου
699 4274 715 4317 e
738 4255 844 4319 verbis
869 4255 921 4322 διά
945 4252 1059 4341 λόγων,
1084 4275 1165 4338 quae
1187 4255 1296 4317 eadem
1318 4258 1434 4338 pagina

158 4384 185 4426 u
213 4367 361 4430 δείδεκτο
387 4365 436 4441 57,
464 4366 482 4424 6
508 4372 640 4426 exstant.
690 4362 779 4437 Quod
804 4364 829 4424 si
856 4383 964 4425 rerum
989 4372 1048 4444 est,
1073 4364 1156 4425 haud
1182 4365 1245 4425 scio
1270 4384 1309 4425 au
1334 4365 1434 4447 carpite
