2970 4898
598 178 817 240 ..31-

65 357 96 422 ιί
113 358 172 440 μὲν
197 359 320 432 δασέως
343 353 456 441 γράφει
480 355 517 422 τό
533 381 560 421 ιο
576 353 664 441 (ὅμοι’.
688 352 800 440 οὸριμοι
823 352 883 440 γάρ
905 355 936 421 οἱ
955 358 1115 438 πέπειροι·
1139 354 1169 419 εἰ
1191 354 1226 418 δὲ
1246 358 1345 435 ιμιλοᾶς

65 459 256 546 άφίλακτοι.
293 459 448 544 βέλτιον
477 465 518 530 δὲ
543 463 573 530 οἱ
599 462 642 552 μή
676 460 848 548 δυνάμενοι
879 459 1016 547 ὀρούειν.
1049 462 1254 546 ε’νερρίζιοται
1285 455 1345 543 γάρ

64 583 137 646 ταῖς
159 567 292 654 πέτραις
316 567 335 656 ἡ
359 567 491 638 Σκύλλα
514 566 665 654 καθάπερ
694 570 725 636 οἱ
751 574 882 654 κοχλίαι.
934 568 1083 632 Proxime
1106 569 1203 650 igitur
1227 565 1345 628 accedit

65 669 126 760 Ap'.
160 678 198 740 ad
232 678 408 741 Aristarchi
440 678 478 740 de
504 676 626 758 Scyllae
658 678 760 761 figura
792 677 992 756 sententiam,
1026 694 1106 759 quae
1139 674 1233 738 schol.
1257 699 1280 759 μ
1304 673 1345 735 89

65 783 192 866 legitur.
218 822 259 828 -

159 893 213 971 57,
257 891 294 952 11
336 890 552 979 δειελιήσας
588 900 646 979 τῆς
684 895 792 977 δείλης
825 892 1095 976 ἐμβριοματιςθεὶς
1128 888 1273 951 abhorret
1306 885 1345 948 ah

66 999 262 1073 Aristarcho,
286 1001 377 1062 cuius
401 1005 467 1061 erat
489 1000 700 1082 paraphrasis:
724 997 823 1083 ,πρὸς
841 995 902 1086 τήν
930 996 1072 1083 δειλινην
1095 992 1182 1078 οὸραν
1207 1019 1344 1078 παραχε-

65 1102 213 1189 νόμενος,
245 1110 393 1174 τουτέστι
424 1106 484 1193 την
511 1110 719 1193 μεσημβρίαν.
752 1103 772 1192 ἢ
805 1102 865 1192 την
897 1102 1067 1191 ἑσπερινόν
1099 1107 1275 1187 διατρίψας.
1309 1100 1344 1163 cf.

67 1211 259 1276 Carnuthius
281 1215 336 1276 Ar.
361 1214 400 1276 ad
424 1241 443 1299 ρ
467 1214 539 1277 599.
593 1213 653 1277 Sed
682 1232 833 1277 mancum
861 1230 929 1274 esse
958 1216 1052 1294 capnt
1074 1210 1234 1293 Apollonii
1263 1214 1347 1291 patet

67 1338 108 1381 ex
119 1318 290 1400 Hesychio:
315 1321 374 1408 τήν
386 1322 526 1409 δειλινόν
535 1317 623 1407 (ὅροιν
633 1325 810 1405 διατρίψας.
827 1317 847 1406 ἢ
862 1316 900 1387 τό
915 1317 1053 1387 δειλινόν
1067 1319 1217 1403 ἔμβρωμα
1229 1312 1345 1397 λαβών,

67 1423 138 1493 οἷον
162 1424 343 1514 δειπνήσας.
368 1466 409 1472 -

159 1536 209 1614 58,
234 1537 272 1597 31
300 1541 417 1620 διεροῦ
439 1532 568 1624 διόχρητ.
601 1536 636 1598 cf.
661 1534 832 1598 Lchrsius3
858 1556 886 1618 p.
912 1536 962 1596 48.
1018 1533 1198 1613 Hesychius
1231 1535 1348 1618 διερηῖ

67 1639 272 1733 ποδίδχρηλ
294 1644 341 1710 ἔτι
364 1641 428 1710 άπδ
452 1652 509 1729 τῆς
531 1639 655 1724 βάσεως
677 1645 764 1709 ποδί.
788 1641 819 1708 οἱ
842 1644 880 1709 δὲ
904 1650 1014 1727 ζῶντι,
1039 1642 1166 1728 ἐνεργῷ.
1191 1676 1232 1684 -

160 1749 210 1832 60,
236 1751 277 1810 25
303 1747 569 1835 δυσπέμφελος
591 1746 610 1816 ό
639 1747 841 1834 δυσάρεστος.
869 1749 905 1812 cf.
930 1769 1002 1812 cum
1025 1748 1100 1810 Hes,
1124 1767 1147 1810 s.
1164 1767 1192 1807 u.
1217 1747 1270 1812 ἐπὶ
1288 1746 1347 1830 μέν

68 1863 126 1942 τῆς
149 1854 314 1943 θαλάσσης
345 1854 365 1944 ἡ
394 1860 599 1943 δυσχείμερος
620 1861 674 1924 καὶ
697 1872 828 1943 τραχεῖα
851 1860 904 1924 καὶ
927 1853 1125 1941 ταραχώδης.
1149 1855 1203 1921 ε’πὶ
1227 1855 1264 1918 δὲ·
1287 1858 1348 1919 τοῦ

67 1969 273 2048 κολυμβητοῦ
305 1961 507 2050 δυσάρεστος.
562 1963 703 2026 Priorem
736 1971 841 2027 autem
873 1963 1025 2044 Hesychii
1058 1960 1346 2044 interpretationem

68 2073 250 2134 Aristarcho
273 2073 429 2155 placuisse
453 2073 541 2135 docet
563 2073 763 2135 Aristonicus
787 2072 826 2134 ad
851 2077 884 2138 Π
907 2072 977 2135 748.
1003 2108 1044 2116 -

158 2180 209 2241 Ad
235 2180 285 2259 77,
310 2181 351 2241 32
376 2181 504 2263 ἕστορι
526 2185 582 2242 etc.
607 2180 692 2262 quod
716 2181 827 2242 attinet
850 2179 922 2241 vide
946 2199 1041 2263 supra
1064 2198 1091 2261 p.
1119 2179 1168 2240 14.
1193 2213 1234 2221 -

160 2288 236 2367 113,
262 2288 302 2349 30
330 2284 517 2372 μορόεντα
549 2283 620 2354 οἷον
642 2284 801 2359 άθάνατα,
834 2284 935 2372 μόρου
967 2285 1009 2373 μη
1028 2281 1204 2371 μετέχοντα
1228 2281 1344 2364 Senge-

69 2392 219 2456 buschius
252 2394 359 2478 (Papo,
392 2394 546 2458 Wiirterb.
580 2401 635 2457 etc.
669 2395 715 2457 ed.
751 2394 809 2471 ΠΙ)
842 2399 925 2456 recte
957 2394 1119 2456 annotavit
1141 2389 1346 2473 Apollonium

69 2501 223 2580 respicere
246 2501 412 2565 lectionem
435 2500 573 2589 τρίγλην
597 2499 775 2588 άμορόεντα
799 2502 830 2575 Ξ
852 2502 923 2565 183.
970 2500 1221 2584 Explicationem
1242 2502 1347 2559 autem

70 2607 211 2670 lectionis
234 2605 392 2693 μορόεντα
414 2610 596 2672 Aristarcho
624 2608 784 2692 probatam
819 2609 973 2672 excidisse
996 2617 1027 2671 et
1053 2609 1169 2670 lemma
1190 2602 1347 2692 μορόεντα

70 2715 205 2778 ostendit
228 2721 258 2778 ct
280 2715 474 2797 Hesychius:
499 2714 579 2802 μετά
601 2722 725 2784 πολλοῦ
747 2713 892 2801 καμάτου
915 2711 1130 2801 πεπονημένα.
1157 2752 1197 2760 -

117 2857 119 2862 ’
161 2823 235 2896 127,
263 2824 302 2884 12
331 2828 560 2910 πανημέριοι
589 2821 629 2890 δι’
658 2820 734 2911 ὅλης
761 2825 886 2911 ἡμέρας.
933 2822 1049 2886 Contra
1072 2843 1144 2886 cum
1172 2822 1346 2885 Aristarchi

70 2929 211 2991 doctrina
234 2930 280 3008 (cf.
305 2928 475 2992 Lehrsius³
498 2952 525 3014 p.
552 2931 626 3009 151)
650 2933 851 2994 consentiunt
874 2949 923 3008 ea,
950 2949 1031 3012 quae
1055 2930 1150 2992 adicit
1165 2928 1347 3008 Hesychius

70 3056 92 3098 s.
109 3056 137 3097 V·
154 3039 362 3122 πανημέριοςε
388 3033 447 3120 οὐχ
469 3034 488 3103 ὁ
512 3035 552 3104 δι’
575 3033 649 3124 ὅλης
675 3034 809 3124 ἡμέρας,
834 3035 933 3104 άλλ’ὅ
957 3035 1009 3121 ἀφ’
1032 3030 1072 3104 οὗ
1095 3063 1144 3114 τις
1160 3034 1200 3105 hv
1215 3034 1348 3121 ἄρξηται

68 3146 190 3227 μέρους.
215 3140 236 3231 ἢ
257 3148 310 3211 καὶ
334 3143 374 3211 δι’
398 3141 475 3231 ὅλης
498 3142 615 3232 ἡμέρας
637 3151 906 3230 καταχρηστικῶς.
932 3183 972 3190 -

158 3357 271 3422 Facilis
295 3360 469 3421 emendatio
493 3360 653 3422 interdum
677 3365 725 3424 est
741 3359 931 3439 adhibenda,
957 3366 991 3421 ut
1008 3359 1196 3441 Apeilonins
1219 3358 1274 3421 fiat
1297 3360 1347 3421 sui

68 3465 209 3527 similior.
265 3464 317 3527 Sic
350 3468 400 3545 88,
435 3468 453 3527 5
486 3473 604 3553 θῆτες
635 3466 666 3533 οἱ
699 3462 909 3542 δουλεύοντες
944 3461 1047 3543 οὸτως
1083 3469 1230 3551 λέγονται
1276 3473 1348 3528 ante

69 3567 280 3642 conicientes
311 3574 514 3634 inserendum
547 3592 614 3635 esse
645 3578 729 3655 patet
763 3569 834 3640 ἀντὶ
854 3580 980 3658 μισθοῦ.
1027 3573 1063 3635 cf.
1089 3575 1140 3651 59,
1168 3575 1208 3636 19
1242 3578 1348 3659 δμῶες

69 3680 193 3761 δοῦλοι,
218 3675 282 3746 άπδ
305 3689 364 3746 τοῦ
388 3683 568 3768 δεδμῆσθαι
584 3683 637 3746 καί
656 3676 878 3763 ὑποτετάχθαι
898 3687 992 3762 atque
1012 3680 1106 3744 schol.
1124 3684 1144 3746 δ
1162 3680 1225 3741 644
1242 3700 1345 3766 σημει-

68 3788 180 3851 οῦνταί
203 3809 300 3861 τινες.
333 3781 383 3852 ὅτι
408 3789 561 3853 διέστειλε
585 3785 662 3863 τοδς
684 3793 789 3872 θῆτας
812 3783 876 3853 άπδ
909 3793 977 3853 τῶν
1000 3783 1128 3872 δμώων.
1165 3795 1264 3873 θῆτες
1286 3786 1347 3872 γάρ

68 3895 215 3976 λέγονται
239 3893 269 3959 οἱ
292 3891 458 3978 ε’λεόθεροι
480 3897 552 3980 μέν,
588 3901 695 3982 μισθῷ
728 3897 764 3961 δὲ
798 3891 1015 3971 δουλεύοντες.
1049 3899 1155 3980 δμῶες
1187 3898 1224 3962 δὲ
1257 3893 1348 3962 αὐτοὶ

68 3999 100 4065 οἱ
132 4003 253 4083 δοῦλοι,
284 3998 372 4085 παρά
402 4000 441 4067 τδ
465 4004 660 4088 δεδμῆσθαι,
694 3996 712 4067 ὅ
737 4002 824 4068 ἐστιν
850 3997 1072 4086 ὑποτετάχθαι
1096 4002 1131 4063 cf.
1157 4000 1347 4063 Carnuthius

70 4107 123 4170 Ar.
149 4108 186 4169 ad
212 4110 233 4172 δ
258 4107 329 4168 644.
356 4145 396 4152 -

161 4216 236 4295 126,
262 4217 302 4277 19
326 4236 354 4279 r.
378 4213 498 4293 πάλος
515 4217 702 4299 Apollonius
726 4217 881 4278 consentit
904 4236 977 4278 cum
996 4217 1191 4296 Aristarcho,
1216 4217 1286 4277 siv.
1305 4217 1344 4278 21

68 4342 124 4404 pro
147 4329 355 4390 πεπαλάσθαι
378 4323 489 4385 scribis
513 4344 585 4386 eum
609 4323 738 4386 Lchrsio
761 4320 984 4407 πεπαλάχθαι,
1009 4324 1045 4387 cf.
1069 4322 1272 4386 Ludwichius
1291 4324 1345 4385 Ar.

67 4428 109 4494 H.
134 4430 165 4493 Τ.
190 4430 228 4491 ad
253 4437 288 4496 H
308 4432 378 4492 171.
403 4468 443 4476 -
