2970 4898
532 1171 701 1243 CAPUT
728 1170 953 1243 PRIMUM.

291 1458 347 1548 ile
382 1456 564 1570 panuina
601 1455 721 1547 toxici
755 1453 1015 1570 Apolloniam
1050 1456 1200 1548 forma.

191 1703 352 1786 Apollonii
390 1703 553 1787 Sophistae
597 1703 722 1767 lexicon
764 1703 968 1766 Homericum
1011 1704 1236 1767 incredibiliter
1271 1705 1378 1787 depra-

101 1816 211 1876 vatum
235 1811 275 1872 ad
297 1831 355 1874 nos
379 1819 559 1894 pervenisse
582 1811 769 1874 iamdudum
795 1812 922 1895 quidem
941 1813 1091 1894 suspicati
1115 1816 1189 1874 sunt
1205 1812 1265 1873 viri
1289 1811 1379 1892 docti,

101 1917 156 1980 sed
191 1923 347 2000 qnatenus
375 1922 494 2000 pateret
526 1918 603 1981 haec
635 1920 792 2001 corruptio
820 1938 914 1982 nemo
953 1920 1118 2001 hucusque
1154 1920 1187 1980 in
1225 1917 1380 1989 iudicium

103 2025 234 2086 vocavit.
282 2025 431 2087 Attamen
455 2026 586 2087 minime
605 2025 800 2108 neglegenda
822 2026 949 2088 videtur
971 2027 1047 2088 haec
1071 2025 1247 2108 disputatio,
1265 2031 1300 2087 ut
1315 2044 1380 2088 oer-

100 2133 140 2194 tis
165 2133 224 2193 niti
255 2133 413 2214 possimus
436 2131 649 2195 fundamentis
672 2133 707 2194 in
733 2132 873 2194 fontibus
901 2153 937 2195 ac
965 2133 1108 2195 doctrina
1136 2132 1297 2214 Apollonii
1325 2130 1379 2194 So-

100 2239 223 2321 phistae
250 2239 455 2302 excutiendis.
503 2237 572 2313 Qua
600 2239 638 2302 de
666 2259 761 2302 cansa
790 2240 882 2302 liceat
910 2241 993 2313 mihi,
1024 2245 1193 2322 antequam
1219 2240 1379 2322 graviores

100 2347 171 2410 illas
205 2346 369 2430 aggrediar
401 2347 612 2428 quaestiones,
647 2348 823 2411 accuratius
855 2348 1044 2429 perscrutari
1078 2366 1158 2429 qnae
1192 2347 1233 2408 sit
1264 2346 1379 2408 codicis

102 2453 305 2537 Apolloniani
337 2453 544 2536 manuscripti
577 2453 734 2534 condici0,
765 2473 845 2536 qnae
877 2453 1102 2515 vocabulorum
1137 2453 1378 2531 digerendorum

100 2562 193 2642 ratio,
217 2561 373 2644 quomodo
398 2565 428 2622 et
450 2560 688 2643 interpolatores
712 2567 742 2623 et
765 2562 983 2644 epitomatores
1006 2561 1178 2643 genuinam
1202 2561 1296 2623 lexici
1318 2559 1379 2621 for-

99 2689 187 2731 mam
210 2670 480 2731 commutaverint.

705 2794 776 2874 er.

192 2917 330 2981 Lexicon
376 2920 626 3002 Apollonianum
658 2921 752 2981 unico
792 2919 898 2981 codice
940 2925 1100 2981 servatum
1140 2924 1200 2998 est,
1240 2919 1279 2981 de
1317 2938 1379 3001 quo

99 3025 296 3105 consenesce,
318 3045 397 3108 qliae
409 3024 557 3089 Lehrsius
576 3046 604 3087 v,
618 3026 660 3087 ill.
677 3026 835 3109 praeclare
851 3025 1035 3108 disputavit,
1053 3030 1183 3106 qioaestt.
1204 3044 1270 3107 epp.
1290 3046 1318 3107 p.
1337 3025 1378 3088 68

99 3150 163 3194 an:
189 3131 257 3209 „De
280 3133 483 3215 Apolloniani
506 3134 601 3195 lexici
623 3131 784 3195 Homerici
801 3132 919 3212 codice,
953 3151 993 3194 ne
1016 3132 1075 3193 hoo
1099 3133 1229 3213 antiquo
1253 3136 1379 3194 auctore

100 3239 183 3301 male
206 3245 342 3310 utamur,
359 3240 551 3302 monendum
569 3237 802 3317 innocentibus,
822 3238 1044 3321 orthographia
1064 3243 1094 3300 et
1110 3238 1272 3321 spiritibus
1290 3239 1376 3302 omni

98 3366 215 3429 genere
237 3348 386 3410 vitiorum
411 3368 484 3409 euin
508 3353 640 3418 scatere,
666 3365 723 3408 nec
750 3346 845 3408 fidem
869 3345 1059 3418 habendam,
1084 3346 1145 3407 nisi
1173 3363 1214 3406 ex
1242 3345 1379 3426 disputa-

100 3455 195 3534 tione,
226 3455 302 3536 quid
326 3455 402 3517 velit
430 3460 577 3536 appareat
606 3456 680 3520 etc.“
744 3451 834 3528 Quod
863 3454 1035 3516 rectissime
1064 3453 1182 3514 dictum
1211 3471 1279 3514 esse
1307 3471 1378 3513 cnm

101 3580 193 3623 nemo
217 3563 315 3644 possit
338 3561 480 3634 infitiari,
506 3565 560 3644 qui
585 3560 684 3624 obiter
706 3561 816 3644 legerit
839 3562 977 3640 lexicon,
1000 3560 1033 3621 id
1056 3579 1156 3621 unum
1181 3560 1256 3621 satis
1280 3557 1379 3619 habeo

99 3670 152 3731 hic
167 3670 328 3730 nionuissc
347 3688 496 3730 versuum
512 3687 552 3730 ex
568 3667 707 3732 Homero
728 3667 902 3730 adlatarum
920 3667 1053 3729 eandem
1069 3684 1137 3728 esse
1153 3665 1378 3728 condicionem.

100 3776 152 3839 Sic
170 3776 241 3856 110,
259 3777 299 3837 32
318 3797 344 3837 v.
366 3779 495 3861 μέλδειν
517 3777 551 3838 in
575 3795 669 3840 versu
690 3783 719 3842 Φ
736 3776 799 3837 363
817 3781 899 3838 certe
915 3775 1037 3837 confido
1053 3774 1259 3857 Apollonium
1283 3774 1379 3856 scrip-

99 3885 179 3945 sisse
201 3885 313 3969 κνίοην
336 3880 538 3969 μελδόμενος,
562 3903 625 3944 non
650 3887 756 3968 κνίσῃ,
781 3889 817 3945 ut
840 3883 877 3944 A.
902 3867 1065 3944 Nauckins
1101 3901 1117 3943 e
1149 3881 1256 3942 codice
1280 3880 1378 3960 affert,

99 4009 173 4052 cum
197 4008 305 4051 vocem
328 3985 525 4075 μελδόμενος
540 3990 714 4052 Aristarchi
738 3991 871 4072 vestigia
893 4007 1040 4071 premens
1055 3988 1219 4050 transitivo
1237 3986 1379 4048 redderet

99 4098 263 4181 participio
286 4094 403 4183 τήκονν.
454 4096 566 4179 Neque
593 4098 699 4159 minus
726 4097 855 4177 155,12
880 4117 908 4157 r.
942 4099 1052 4181 Τροίης
1079 4096 1230 4156 inversu
1259 4097 1289 4158 Α
1316 4094 1378 4157 128

105 4206 219 4290 Ίοοΐην
241 4224 296 4287 pro
322 4207 443 4290 lhmlpo
466 4203 697 4266 restituendum
721 4222 788 4266 esse
809 4203 913 4284 quivis
940 4201 1100 4283 intellegit.
1147 4200 1225 4262 Item
1250 4199 1378 4262 librario

99 4312 261 4394 Apollonii
286 4311 528 4373 adscribendum
563 4316 622 4382 est,
656 4310 740 4392 quod
774 4329 860 4371 nunc
894 4307 1013 4391 ubique
1036 4308 1238 4370 Aristarchus
1270 4334 1289 4373 τ
1314 4308 1377 4368 343

1123 4427 1160 4480 1*
