2970 4898
636 165 855 225 ...¹15-

209 342 331 420 Quibus
347 344 533 426 comparatis
557 347 650 424 caput
673 343 732 404 hoc
755 342 859 404 Photii
883 339 1118 427 σφάραγον·
1142 340 1160 408 ὁ
1182 338 1300 407 Ἀπίων
1323 336 1380 423 φά-

97 476 213 537 ρυγγα,
260 447 325 518 dud
352 460 413 518 τοτ’
443 454 516 535 περὶ
549 447 649 517 αὐτοῦ
683 453 856 535 γενομένου
890 446 1012 534 φδφου,
1045 449 1135 511 facile
1168 447 1318 509 concedes
1342 466 1382 508 ex

98 557 270 641 Apollonio
305 559 377 638 147,
411 559 452 621 28
484 564 793 642 σφαραγεῦντο
817 557 835 625 δ
862 560 921 642 μὲν
951 554 1068 624 Ἀπίων
1100 553 1258 640 έφόφουυ,
1291 551 1309 622 ὁ
1345 557 1382 621 δὲ»

96 663 288 752 Ἡλιόδωρος
322 668 451 747 βέλτιον
495 672 748 733 κατεπονοῦντο.
780 667 834 731 καὶ
865 663 903 730 τδ
945 661 1033 747 „odd
1067 660 1106 745 ἀρ
1153 658 1383 747 ἀποσφάραγον

97 779 192 862 μελίη
215 771 295 860 τάμε
317 768 551 856 χαλκοβάρεια”
582 773 618 839 έν
650 779 827 856 συναλοιφῇ
849 772 972 856 είρηται
999 767 1196 855 ἀσφάραγον,
1225 766 1264 835 od
1287 764 1382 851 σφά-

99 906 246 968 ραγον.
278 883 331 947 καί
365 881 450 946 ἔστιν
480 876 664 965 ἀσφάραγος
700 877 837 964 φάρυγξ,
872 881 907 945 δι’
933 873 971 945 οὗ
1004 878 1042 945 τδ
1075 873 1260 962 φωνητικδν
1292 873 1382 960 ἀνέρ-

99 1015 200 1074 χεται.
239 990 383 1073 ἐπιφέρει
406 983 464 1054 odo
492 984 596 1071 ,βφρα
619 991 649 1054 τί
680 1011 734 1072 μιν
764 989 947 1071 προτιείποι
978 982 1205 1071 ἀμειβόμενος(ι
1241 982 1382 1062 fluxisse,

101 1096 160 1160 ubi
183 1097 350 1160 lectionem
374 1090 537 1180 σφάραγον
560 1095 678 1178 Apioni
710 1093 870 1177 probatam
894 1093 991 1155 fnisse
1019 1097 1101 1154 certe
1129 1092 1204 1153 olim
1232 1091 1383 1153 traditum

100 1207 178 1268 erat.
224 1202 337 1286 Neque
360 1209 414 1281 est,
438 1220 495 1263 cnr
517 1200 666 1263 Photium
691 1221 708 1264 ε
731 1201 901 1284 copiosiore
933 1200 1027 1262 lexici
1055 1199 1257 1283 Apolloniam
1284 1199 1384 1260 forma

102 1311 308 1394 descripsisse
330 1328 443 1392 negem
468 1328 513 1388 ea,
537 1327 618 1391 quae
640 1307 767 1391 praebet
790 1329 818 1369 v.
844 1305 1040 1384 ἀάπτους
1063 1307 1093 1373 οἱ
1115 1308 1175 1391 μὲν
1191 1303 1385 1381 δασύνοντες

99 1413 141 1484 τά
165 1414 320 1502 δεάτερον
344 1441 372 1500 α,
397 1413 570 1483 ἀκούουσιν
593 1412 885 1500 ἀπροσπελάστους,
913 1409 961 1482 σίν
984 1412 1043 1481 οὐκ
1070 1410 1109 1480 ἀν
1132 1439 1180 1489 τις
1203 1407 1329 1497 ἀφαιτο.
1354 1412 1385 1478 οἱ

101 1527 141 1592 δὲ
164 1531 344 1609 ψιλοΐντες,
369 1519 558 1610 ἀπτοήτους.
583 1523 615 1590 οἱ
638 1525 673 1590 δὲ
698 1522 757 1600 τάς
770 1520 1072 1607 ἀνεκφεύκτουςκαὶ
1086 1517 1235 1606 χαλεπάς.
1267 1519 1385 1588 Ἀπίων

101 1634 138 1698 δέ
174 1628 312 1698 δασύνει·
344 1627 494 1712 βούλεται
515 1630 576 1716 γάρ
599 1626 806 1704 ἀποδιδόναι,
835 1625 882 1698 ὦν
905 1627 964 1696 οὐκ
987 1627 1027 1696 ἀν
1045 1655 1095 1706 τις
1117 1617 1245 1712 ἀφαιτο,
1279 1624 1299 1714 ἢ
1326 1627 1384 1704 τάς

100 1745 236 1815 πολλοῖς
258 1735 544 1822 προσπελαζούσας
572 1738 755 1820 praesertim
790 1757 861 1799 cum
894 1738 999 1800 locum
1023 1733 1324 1818 Apollonianum'
1304 1732 1385 1803 αάπ-

99 1870 180 1922 τους
213 1845 245 1924 1,
276 1846 318 1909 20
351 1846 402 1908 vel
434 1845 504 1908 aliis
528 1845 566 1907 de
604 1846 707 1907 causis
741 1865 888 1906 mancum
914 1862 981 1906 esse
1004 1849 1123 1926 pateat,
1154 1843 1189 1905 c.f
1214 1841 1385 1906 Lehrsius3

102 1973 132 2036 p.
154 1952 261 2014 141ε
262 1952 366 2016 ι.301
384 1990 425 1998 -

193 2058 266 2121 Feci
298 2060 395 2142 igitur
427 2079 500 2122 cum
533 2059 573 2122 ll.
603 2055 794 2139 Schmidtio,'
822 2059 877 2142 qui
910 2079 983 2121 cum
1022 2059 1218 2228 Hetsychinm
1252 2059 1385 2141 Apionis

100 2167 238 2231 auctorit
226 2170 322 2228 tatem
345 2185 385 2229 ex
408 2166 467 2250 Ap.
492 2166 584 2250 Soph.
608 2167 711 2229 lexico
735 2168 907 2250 sumpsisse
935 2167 1293 2242 1·esecttatnissetde
1317 2167 1385 2243 viis

102 2293 183 2356 quas
198 2271 349 2336 Lehrsins
373 2280 459 2357 apert
460 2293 494 2336 as
447 2274 608 2337 tnobis
632 2291 700 2335 esse
722 2279 779 2356 put
781 2275 857 2353 avit
832 2274 995 2336 taltteru
983 2278 1063 2336 tram
1086 2275 1247 2356 ingressus
1270 2279 1324 2335 est.
1305 2272 1384 2334 tcf.

100 2378 253 2443 Lehrsins
291 2387 422 2464 quaestt
447 2400 514 2464 epp.
538 2403 566 2465 p.
592 2383 633 2444 33
658 2402 717 2464 sq:
747 2379 927 2462 „Permulta
962 2383 1012 2460 (sc.
1046 2400 1086 2442 ex
1122 2380 1252 2462 Apionis
1284 2363 1385 2441 lexico

102 2487 315 2567 Homerico)
307 2507 410 2552 messe
442 2491 476 2551 in
499 2489 722 2569 Hesychioet
692 2491 825 2571 eepist
813 2489 941 2551 ttola
911 2493 941 2550 et
973 2507 1145 2551 consensus
1178 2506 1250 2549 cum
1274 2487 1386 2570 glossis

104 2595 237 2678 Apionis
261 2596 343 2677 apud
366 2596 571 2679 Apollonium
595 2601 698 2658 serva
698 2616 725 2658 rs
749 2601 797 2657 ost
785 2595 897 2657 tendit:
873 2600 1037 2657 tnomen
1053 2596 1242 2678 Apionisr
1207 2615 1293 2657 nunc
1316 2615 1386 2656 raro

103 2702 262 2764 relictum:
286 2706 394 2765 utrum
417 2703 450 2764 in
473 2702 671 2783 Hesychium
700 2704 819 2785 etipse
848 2722 888 2765 ex
911 2703 1080 2785 Apollonio
1105 2704 1249 2764 venerint
1272 2721 1311 2762 an
1336 2701 1386 2762 vel

103 2809 170 2891 ipse
193 2809 246 2870 vel
261 2806 477 2891 Diogenianus
504 2811 588 2893 ipsas
604 2810 738 2893 Apionis
761 2811 881 2892 glossas
904 2811 1078 2892 inspexerit
1101 2810 1237 2872 dubitari
1260 2810 1386 2891 potest.“

103 2914 247 2978 Alteram
287 2921 392 2978 autern
437 2924 473 2980 ut
502 2922 674 2979 monstaret
708 2919 791 2980 viam
820 2916 968 2980 Lehrsins
1001 2917 1050 2979 his
1083 2916 1206 2978 duobus
1240 2915 1388 2999 epistolae

102 3020 325 3102 Hesychianae
347 3023 424 3086 locis
448 3024 601 3085 adductus
625 3043 693 3086 esse
725 3025 863 3087 videtur:
895 3027 1012 3090 Πολλοὶ
1040 3027 1098 3109 μὲν
1126 3026 1179 3089 καὶ
1208 3021 1297 3089 άλλοι
1320 3031 1388 3089 τιὸν

102 3135 252 3196 παλαιῶν
283 3126 341 3206 τάς
373 3129 456 3197 κατά
489 3145 646 3216 στοιχεῖον
679 3136 901 3199 συντεβείκοισι
925 3135 1025 3214 λέξεις
1047 3176 1239 3196 .......
1264 3127 1330 3195 ἀλλ>
1358 3129 1389 3196 οἱ

103 3236 163 3320 μὲν
184 3231 416 3322 τάςὉμηρικάς
438 3235 550 3324 μόνας,
574 3239 617 3315 ὡς
641 3238 785 3307 Ἆππίων
807 3243 860 3306 καὶ
875 3235 1087 3314 Ἀπολλώνιος
1109 3234 1127 3303 o‘
1150 3245 1209 3304 τοῦ
1223 3235 1388 3322 Ἀρχιβίου.

104 3341 307 3427 Διογενιανὸς
331 3347 368 3410 δέ
390 3370 439 3421 τις
461 3345 540 3430 μετά
568 3346 696 3425 τρίτοις
724 3344 865 3434 γεγονώς
888 3393 1082 3413 .......
1106 3348 1147 3411 τά
1174 3371 1210 3412 τε
1238 3369 1386 3430 προειρη-

104 3453 184 3536 μένα
217 3454 324 3532 βιβλία
357 3455 410 3518 καί
444 3449 549 3530 πάσας
582 3455 640 3532 τάς
677 3453 845 3540 σποράδην
877 3452 964 3534 παρά
998 3460 1077 3519 πᾶσι
1110 3455 1256 3537 κειμένας
1289 3455 1389 3534 λέξεις

105 3556 307 3643 συναγαγών,
332 3555 412 3644 ὁμοῦ
434 3556 538 3636 πάσας
569 3559 644 3631 καθ’
680 3563 815 3630 ἕκαστον
847 3575 1004 3645 στοιχεῖον
1036 3562 1231 3626 συντέθεικε.
1281 3564 1388 3641 atque:

109 3661 156 3730 Οὐ
189 3662 251 3749 γάρ
273 3661 400 3752 ὀκνήσω
433 3668 512 3752 μετά
540 3666 717 3755 παρρησίας
763 3671 879 3751 εἰπεῖν,
926 3663 976 3734 ὅτι
1008 3675 1075 3734 των
1100 3663 1304 3750 Ἀριστάρχου
1336 3669 1389 3732 καὶ

104 3766 285 3848 Ἀππίωνος
312 3775 365 3839 καὶ
391 3772 587 3860 Ἡλιοδώρου
609 3781 728 3860 λέξεων
751 3771 943 3862 εὐπορήσας,
967 3778 1021 3841 καί
1034 3770 1074 3842 τά
1092 3777 1199 3855 βιβλία
1208 3776 1389 3855 προ(σ)βείς

106 3884 310 3966 Δωγενιαυοῦ
337 3931 703 3954 ..........
737 3881 833 3960 αδτδς
860 3885 926 3969 ἰδίᾳ
953 3884 1033 3966 χειρί
1060 3878 1194 3966 γράφων
1222 3880 1285 3965 έγοί
1308 3879 1389 3965 μετά

105 3983 211 4073 πάσης
232 3982 413 4072 ὀρθότητος
436 3994 489 4056 καὶ
513 3988 740 4077 ἀκριβεστάτης
764 3998 898 4077 γραφῆς,
928 3994 1013 4074 λέξιν
1035 3993 1094 4077 μὲν
1116 3988 1270 4075 οὐδε-μίαν
1292 3992 1388 4072 παρέ-

106 4101 201 4162 λιπον
232 4098 383 4181 κειμένην
415 4097 450 4163 έν
486 4095 607 4180 αὐτοῖς,
647 4093 725 4164 ἀλλά
758 4101 810 4164 καί
845 4100 996 4173 πλείστας
1030 4095 1089 4181 οὐχ
1120 4096 1223 4180 εὑριδν
1254 4099 1388 4179 προστέ-

105 4211 210 4270 δεικα.
257 4201 344 4278 Quae
367 4204 456 4265 si'ad
481 4204 610 4267 verbnm
639 4207 735 4287 accipi
749 4210 876 4287 oportet,
899 4206 1037 4267 incertus
1061 4224 1145 4283 snm,
1170 4209 1277 4265 utrum
1287 4204 1387 4285 magis

109 4310 249 4373 admirer
272 4310 404 4372 ferream
428 4311 561 4393 Apionis
594 4313 819 4388 valetudinem,
844 4315 898 4394 qui
922 4313 1094 4374 identidem
1118 4317 1283 4393 excerptus
1307 4310 1388 4370 nihi-

106 4419 247 4482 lominus
257 4417 357 4493 multa
372 4418 587 4498 perduraverit
598 4421 729 4499 sacculo,
746 4441 784 4482 an
803 4420 1095 4501 lexicograplrornm
1113 4419 1326 4504 assiduitatem
1344 4424 1388 4482 at-
