2970 4898
680 146 720 210 23
768 186 808 193 ..

53 352 167 413 μενος
191 328 245 395 ἐπὶ
272 331 382 412 στίχου
410 327 446 395 ἐν
473 337 517 412 τῇ
539 323 765 404 ΞὈδυσσείας
795 324 1003 410 Ἀρίσταρχος.
1058 323 1174 388 Contra
1205 325 1273 388 aliis
1306 343 1340 387 se

55 436 269 520 grammaticis
298 453 348 515 ea,
382 453 462 517 quae
490 434 528 496 de
551 435 734 497 Aristarcho
764 439 1002 508 commemorat,
1043 432 1156 496 debere
1179 452 1339 516 nusquam

56 539 234 625 profitetur,
258 559 345 622 cum,
373 541 401 602 si
424 544 566 602 auctores
589 538 774 619 habuisset,¹
792 559 845 603 eos
869 544 951 602 carte
975 538 1015 601 ad
1037 543 1141 621 partes
1163 539 1340 601 vocavisset

56 649 103 713 vir
126 653 195 712 tam
228 653 391 713 accuratae
432 653 526 731 atque
562 648 726 731 religiosae
758 649 920 726 scientiae3
954 648 1114 710 interdum
1146 651 1251 709 tamen
1278 647 1338 729 Ap.

54 756 258 820 Aristarchea
282 774 323 819 ex
346 756 481 818 aliorum
504 755 651 839 operibus
680 755 883 838 descripsisse
906 776 970 818 non
994 757 1123 818 omnino
1146 755 1337 838 negaverim.

55 860 209 938 Quamvis
253 863 352 944 igitur
397 862 472 924 satis
506 861 615 924 multis
650 868 745 944 atquo
783 860 873 925 honis
897 862 1073 925 Aristarchi
1105 862 1339 924 commentariis

53 971 246 1033 instructum
261 969 360 1032 fuisse
375 969 581 1051 Apollonium
600 988 641 1030 err
656 973 720 1031 toto
740 967 820 1031 libro
840 970 977 1040 eluceat,
1003 974 1110 1033 tamen
1130 970 1236 1031 omnia
1252 969 1338 1032 illius

53 1079 185 1161 scripta,
205 1078 336 1161 quaein
352 1077 419 1140 dies
431 1077 532 1159 magis
549 1076 789 1157 delitescebant,
805 1079 834 1138 ei
852 1083 975 1160 praesto
991 1077 1089 1140 fuisse
1108 1096 1183 1139 cave
1193 1078 1338 1160 opineris

53 1184 107 1248 Sic
131 1190 163 1248 et
186 1186 253 1268 ipse
276 1186 310 1246 in
334 1203 438 1247 errore
462 1190 605 1246 versatur
628 1184 668 1246 de
690 1184 893 1247 Aristarchea
917 1204 1027 1247 versus
1051 1191 1082 1250 B
1098 1187 1158 1247 111
1188 1186 1339 1267 interpre-

51 1293 174 1356 tatione
207 1290 243 1358 1.1
269 1292 405 1371 110,11
442 1311 470 1352 r.
494 1294 575 1375 μέγα
608 1310 681 1351 oum
709 1290 827 1352 scholio
856 1291 992 1370 Didymi
1051 1292 1157 1374 Atque
1188 1291 1340 1354 maiorem

54 1398 190 1461 fortasse
225 1398 254 1460 ei
287 1396 385 1460 fuisse
420 1401 578 1459 comment
576 1397 718 1458 ariorum
746 1397 785 1458 ad
814 1396 877 1476 Odp
874 1415 986 1459 sseam
1015 1398 1136 1479 copiam
1164 1417 1260 1480 supra
1288 1417 1339 1460 su-

55 1503 170 1586 spicati
195 1522 307 1566 sumus
330 1522 398 1586 pag.
425 1503 465 1566 18
490 1522 539 1564 an.

144 1609 297 1694 Reliquos
307 1615 412 1673 autem
423 1610 462 1672 ad
477 1609 544 1672 font
531 1615 578 1673 tes
595 1610 679 1693 quod
691 1630 709 1671 a
710 1610 810 1690 1111111,
831 1629 903 1672 cum
914 1611 1086 1693 deApione
1091 1612 1159 1691 *11)
1129 1610 1339 1674 etHeliodoro

54 1716 156 1781 verba
188 1719 252 1780 iam
284 1717 450 1780 fecerimus
484 1736 550 1799 cap.
575 1716 591 1778 I
619 1722 706 1796 extr,
739 1717 842 1799 relego
875 1717 1023 1779 lectorem
1057 1716 1095 1779 ad
1129 1716 1339 1780 Forsmanum

51 1846 81 1910 p.
109 1826 152 1888 19
177 1845 244 1908 sqq.
270 1861 310 1870 -
334 1825 385 1905 81,
419 1824 461 1888 25
484 1844 512 1886 v.
537 1833 665 1908 ζῶστρα
696 1843 752 1906 pro
785 1822 979 1910 Ζηνόδωρος
1001 1825 1247 1907 intellegendum
1272 1845 1340 1889 1111

49 1928 249 2016 Ἡλιόδωρος
271 1929 452 2011 Dtintzerus
477 1930 590 1994 Zenod.
615 1951 643 2013 p.
669 1931 709 1992 21
735 1951 763 1994 n.
789 1932 808 1994 8
832 1936 916 1994 recte
934 1932 1021 1994 vidit.

146 2145 181 2208 Si
209 2145 248 2207 ad
283 2149 425 2207 auctores
460 2144 635 2227 transgredi
667 2144 752 2224 licet,
787 2164 922 2227 quorum
946 2145 1035 2207 nulla
1058 2150 1160 2207 exstat
1178 2146 1213 2207 in
1236 2146 1339 2208 lexico

54 2254 190 2333 menti0,
213 2250 367 2332 Didymi
385 2251 507 2313 nullam
531 2249 681 2314 habuisse
700 2252 843 2312 notitiam
866 2251 925 2333 Ap.
950 2257 1032 2314 recte
1056 2253 1257 2315 coniecerunt
1279 2253 1340 2314 riri

56 2358 150 2422 docti.
175 2358 211 2421 cf.
235 2357 428 2420 Forsmauus
451 2378 479 2439 p.
506 2359 534 2437 5,
558 2355 761 2419 Ludwichius
784 2358 802 2418 l.
827 2359 846 2419 l.
871 2378 898 2440 p.
926 2359 966 2421 70
991 2378 1057 2440 sqq.

147 2465 265 2531 Contra
287 2465 543 2530 Ptolemaeum
559 2465 819 2527 Ascalonitam
839 2468 928 2528 novit
950 2487 1015 2529 non
1034 2467 1142 2547 modo,
1166 2465 1220 2529 sed
1243 2468 1339 2529 inter-

57 2575 135 2637 dum
168 2575 264 2636 etiam
293 2571 411 2656 probat.
441 2573 477 2634 11.
506 2571 699 2635 Forsmanus
726 2594 754 2655 p.
781 2575 830 2635 22.
894 2574 981 2637 Haec
1015 2574 1114 2637 habeo
1147 2576 1337 2637 testimonia:

56 2683 111 2760 24,
134 2681 156 2742 4
179 2677 264 2746 ἀλκὶ
287 2676 374 2764 ἀλκῇ
396 2677 487 2763 ,ἀλκὶ
510 2676 699 2755 πεποιθώςίί
716 2676 782 2746 dard
798 2677 900 2767 ὀρθῆς
916 2688 973 2767 τῆς
989 2677 1059 2764 dig.
1084 2678 1128 2757 ὥς
1144 2678 1222 2766 σάρξ
1237 2685 1337 2766 σαρκὶ,

56 2783 130 2853 dlxi
162 2785 198 2847 cf.
231 2785 325 2849 schol.
360 2784 449 2865 (Ven.
485 2787 533 2864 A.)
571 2792 603 2851 Ε
638 2786 701 2847 299
734 2783 805 2851 ἀλκὶ
842 2785 886 2863 ὡς
922 2791 1032 2872 σαρκί,
1069 2791 1123 2854 καὶ
1155 2789 1222 2856 ἔστι
1253 2788 1336 2856 auru*

55 2890 284 2977 μεταπλασμὸν
316 2888 381 2958 ἀπὸ
411 2901 471 2959 τοῦ
504 2888 586 2976 ἀλκῇ
618 2942 810 2958 .......
846 2894 912 2960 aire
956 2891 1009 2960 ἀπ’
1033 2891 1161 2971 εὐθείας
1192 2903 1249 2982 τῆς
1281 2893 1339 2979 dig

55 3001 244 3083 πεποίηται,
277 2993 322 3074 ως
356 2998 458 3065 οίεται
490 2994 508 3064 d
531 2993 775 3083 Ἀσκαλωνίτης,
805 2999 877 3061 vide
908 2999 990 3061 infra
1012 3021 1040 3082 p.
1066 3002 1117 3062 29.
1144 3038 1184 3046 -
1212 3002 1283 3081 104,
1318 3006 1335 3064 7

56 3101 188 3192 Κρήτη
211 3105 394 3190 ἐπίουροι·
417 3155 763 3172 ............
787 3106 819 3173 οἱ
842 3110 879 3173 δὲ
902 3104 1057 3194 περισσόν
1073 3127 1168 3191 φασιν
1186 3106 1338 3195 εῖναιτήν

56 3215 124 3298 ἐπί,
153 3212 199 3290 ὡς
224 3216 278 3280 καὶ
306 3219 414 3297 ,βοῶν
441 3210 652 3294 ἐπιβουκόλος
679 3210 787 3299 ἀνήριι.
828 3214 863 3276 cf.
897 3215 992 3277 schol.
1025 3215 1114 3296 (Ven.
1139 3218 1188 3298 A.)
1213 3224 1251 3283 N
1269 3219 1335 3282 450

55 3318 74 3388 ὁ
110 3324 148 3389 δὲ
179 3318 411 3408 Ἀσκαλωνίτης
442 3325 614 3405 παρέλκειν
649 3318 769 3407 ἡγεῖται
802 3319 862 3408 τήν
896 3323 961 3389 ἐπί·
998 3319 1049 3388 διό
1077 3327 1129 3390 καὶ
1157 3323 1215 3392 τόν
1237 3321 1335 3393 τόνον

57 3425 211 3513 φυλάσσει
254 3435 312 3517 τῆς
351 3433 554 3512 προθέσεως,
602 3425 719 3514 ὁμοίως
753 3437 801 3516 τῷ
835 3437 946 3512 ,βοοῖν
978 3428 1188 3512 ἐπιβουκόλος
1226 3429 1334 3519 οίνήριι.

58 3535 94 3598 11
117 3537 286 3616 Augustus
313 3533 396 3596 Blau
415 3533 480 3615 „lle
504 3535 679 3596 Aristarchi
703 3535 883 3617 discipulis“
906 3556 935 3618 p.
955 3538 995 3598 32
1020 3557 1069 3598 an.
1087 3538 1115 3598 4.
1133 3574 1174 3582 -
1197 3539 1273 3612 123,
1297 3540 1336 3601 10

57 3637 231 3729 ὅρπηκας
253 3637 393 3717 κλάδους
415 3638 503 3725 παρὰ
526 3638 564 3708 τό
587 3638 713 3725 (iporiam
737 3642 773 3703 11.
799 3661 871 3704 curn
895 3642 990 3705 schol.
1015 3642 1104 3724 (Ven.
1129 3644 1178 3725 A.)
1207 3642 1337 3712 11513Ἱὸ

56 3746 297 3835 Ἀσκαλωνίτης
324 3745 445 3816 ἐνθάδε
468 3745 639 3834 γενόμενος
662 3749 745 3831 ἀξιοῖ
766 3756 943 3833 ψιλοῦσθαι
970 3749 1046 3827 τούς
1069 3748 1227 3837 ὄρπηκας,
1257 3753 1336 3832 ἐπεὶ,

57 3859 148 3943 φησὶ,
181 3852 270 3942 παρᾰ
300 3852 338 3923 td
373 3851 498 3939 όροόειν
533 3857 674 3941 ἐγένετο,
707 3854 941 3942 ἐπιλαθόμενος
964 3858 1087 3926 ἑαυτοῦ.
1112 3896 1153 3903 -
1190 3861 1260 3931 130,
1288 3862 1336 3922 12.

58 3959 227 4047 περκνόν
249 3959 398 4048 μελανόν.
422 3966 476 4029 και
495 3960 709 4047 περκάζειν”
691 3988 738 4030 aar
758 3967 892 4048 λέγομεν
914 3961 974 4051 την
1002 3965 1167 4052 σταφυλήν
1190 3965 1249 4053 τήν
1272 3963 1336 4053 ἤδη

57 4070 752 4196 μελαινημὲνηνο1.111111111111.(1111111.)
779 4077 809 4137 a
835 4072 897 4133 3116
923 4121 1145 4136 ........
1170 4073 1208 4141 τό
1227 4078 1337 4160 μέντοι

57 4174 198 4263 περκνός
242 4174 386 4261 ὀξύνεται
434 4177 552 4263 ὁμοίως
596 4185 644 4265 τῷ
670 4175 805 4254 πυκνός.
840 4174 943 4255 ου’τως
970 4183 1024 4246 καὶ
1047 4180 1065 4247 ὁ
1087 4177 1335 4269 Ἀσκαλωνίτης,

129 4317 155 4386 *)
173 4316 284 4372 Suidam
303 4317 535 4385 errareApionem
554 4317 717 4385 discipulum
736 4317 875 4384 Apollonii
894 4318 978 4372 fuisse
992 4325 1148 4374 narrantem
1168 4319 1336 4388 superfluum

57 4407 112 4460 iarn
131 4405 236 4459 ridetur
254 4406 343 4458 denuo
362 4421 479 4459 monere.
