2970 4898
627 143 851 207 -16-

98 342 160 405 que
193 322 371 397 stultitiam.
406 323 460 405 qui
493 322 623 384 stolidas
657 323 789 404 Apionis
826 327 938 405 lexeis,
973 350 1164 414 quamquam
1197 335 1382 418 iampridem

98 430 223 491 inerant
258 430 293 490 in
327 429 473 511 operibus
503 426 663 512 adhibitis,
697 430 799 495 denuo
833 452 955 517 semper
989 437 1128 502 inserere
1163 460 1227 503 non
1259 445 1382 525 gravati

98 536 171 604 sint.
195 535 277 599 Eece
301 541 446 600 stemma:
492 605 547 658 Apio

533 698 683 1014 p

629 1038 753 1092 Apollonius
768 1041 871 1094 Sophiste

648 1529 794 1584 Diogenianus

632 2034 756 2088 Hesychius

209 2193 320 2256 Credat
344 2195 402 2256 hoc
422 2197 566 2278 quisquis
590 2197 678 2259 vult!
711 2196 868 2280 Equidem
891 2200 999 2256 contra
1023 2214 1063 2256 ne
1087 2194 1288 2257 mendacium
1312 2197 1385 2278 qui3

97 2299 168 2361 dem
202 2299 390 2383 exprobrare
413 2303 492 2364 mihi
515 2304 623 2366 videor
646 2302 851 2387 Diogeniano,
875 2303 902 2362 si
935 2320 1008 2363 eum
1034 2302 1165 2384 Apionis
1193 2303 1293 2364 lexeis
1317 2322 1383 2364 non

101 2407 163 2467 nisi
187 2425 227 2468 ex
251 2406 420 2488 Apollonio
445 2408 590 2493 Sophista
612 2413 738 2475 novisse
762 2411 890 2473 affirmo.
938 2408 1064 2470 Etenim
1087 2427 1124 2470 ea
1146 2413 1193 2470 est
1215 2410 1264 2471 vis
1288 2409 1384 2472 istius

98 2515 165 2579 aul:
191 2510 256 2578 ἀλλ’
281 2513 312 2579 οἱ
334 2516 393 2599 μὲν
416 2515 474 2593 τᾶς
496 2513 660 2604 Ὁμηρικὰς
687 2515 803 2605 μόνας,
837 2513 881 2593 ὥς
904 2515 1047 2582 hauteu
1073 2518 1145 2582 καὶ
1167 2511 1385 2593 Ἀπολλώνιος

99 2615 204 2686 ὁτοῦ
224 2616 382 2705 Ἀρχιβίου
416 2628 451 2686 ut
482 2624 670 2709 Apollonius
704 2627 829 2688 lexicon
864 2622 1041 2686 condidisse
1077 2622 1210 2704 Apionis
1246 2642 1325 2705 opus
1349 2624 1384 2685 in

98 2746 193 2789 suum
216 2729 447 2794 transscribens
470 2738 622 2797 narretur.
669 2731 716 2796 De
733 2751 795 2815 quo
811 2729 960 2813 loquendi
976 2749 1036 2791 usu
1054 2728 1137 2811 apud
1160 2730 1383 2811 grammaticos

98 2839 218 2896 veteres
242 2837 348 2899 confer
364 2858 445 2921 quae
461 2846 550 2902 acute
569 2840 740 2924 disputavit
754 2838 898 2902 Naberus
922 2836 1010 2899 Phot.
1030 2835 1124 2898 Proll.
1148 2857 1176 2919 p.
1203 2837 1243 2898 10
1268 2856 1313 2918 sq.
1341 2873 1382 2881 -

98 2937 145 3002 De
169 2941 265 3003 altero
290 2949 393 3007 autem
418 2948 567 3030 epistolae
589 2948 666 3026 loco,
692 2945 748 3009 ubi
770 2944 950 3025 Hesychius
984 2944 1021 3005 de
1054 2963 1111 3006 suo
1144 2941 1250 3006 labore
1284 2943 1383 3006 verba

97 3048 178 3125 facit,
207 3069 280 3111 cum
303 3069 395 3134 saepe
419 3053 660 3138 disceptaverint
683 3056 744 3116 viri
777 3053 867 3132 docti,
892 3070 955 3112 non
988 3069 1093 3112 moror
1125 3069 1233 3112 eorum
1257 3056 1382 3112 contro-

98 3156 230 3234 versias3
255 3175 366 3220 verum
390 3179 452 3222 non
470 3160 642 3224 absurdum
665 3162 791 3224 videtur
807 3160 959 3242 suspicari
982 3159 1090 3221 lexeis.
1115 3177 1193 3239 quas
1218 3176 1251 3219 se
1274 3158 1381 3239 ipsum

99 3263 185 3343 operi
208 3260 397 3346 Diogeniani
426 3268 583 3332 addidisse
606 3267 786 3348 Hesychius
815 3271 933 3340 narrat,
965 3266 1082 3327 iniuria
1109 3282 1183 3346 prae
1213 3282 1247 3326 se
1270 3264 1382 3326 tulisse

99 3370 231 3452 Apionis
256 3389 384 3453 nomen,
409 3376 493 3458 quod
518 3378 639 3458 quoties
664 3375 703 3437 ad
731 3394 824 3459 opera
847 3372 1005 3456 quaelibet
1026 3369 1227 3432 inscribenda
1251 3389 1381 3432 conver-

99 3497 169 3538 sum
193 3478 234 3540 sit
257 3479 332 3540 satis
356 3487 483 3545 constat.
523 3483 621 3547 Vides
644 3485 741 3567 igitur
765 3501 860 3564 quam
880 3479 1002 3542 nullam
1025 3476 1137 3540 habeat
1159 3477 1222 3538 vim
1249 3478 1381 3560 epistola

98 3582 301 3664 Hesychiana
324 3586 363 3648 ad
387 3589 566 3671 opinionem
590 3598 729 3654 nostram
752 3586 968 3652 refellendam!

206 3689 266 3754 Sed
292 3712 355 3774 qua
378 3695 504 3762 tandem
527 3718 622 3762 causa
644 3699 704 3760 viri
729 3698 810 3760 docti
834 3694 980 3757 commoti
1004 3699 1091 3771 sunt,
1124 3698 1159 3753 ut
1182 3690 1381 3754 incredibilia

99 3797 162 3859 fere
186 3798 311 3860 credere
335 3801 473 3885 mallent,
497 3827 593 3888 quam
617 3805 786 3868 concedere
801 3801 998 3881 Hesychium
1022 3818 1039 3861 e
1062 3799 1233 3881 copiosiore
1249 3797 1379 3879 Apollo-

99 3905 145 3964 nii
168 3904 268 3966 forma
283 3905 447 3973 hausisse?
472 3912 620 3993 „Quodil
644 3913 832 3995 Apollonius
852 3915 881 3970 et
904 3906 1083 3986 Hesychius
1098 3923 1189 3988 saepe
1201 3905 1378 3966 accuratius

100 4012 293 4074 conveniunt
303 4021 333 4076 et
342 4022 476 4082 utuntur
486 4021 590 4085 verbis
603 4040 731 4104 prorsus
744 4017 887 4080 eisden1.“
923 4014 975 4077 Sic
985 4013 1129 4076 Naberus
1142 4012 1231 4075 Phot.
1243 4009 1337 4072 Proll.
1348 4032 1377 4093 p.

102 4117 175 4179 118.
196 4115 300 4181 Facile
316 4124 442 4204 quidem
460 4135 596 4211 opponat
608 4128 764 4211 quispiam
783 4125 862 4186 nihil
884 4121 1092 4184 demonstrari
1112 4121 1171 4181 hoc
1191 4123 1377 4199 argumento

100 4225 160 4287 nisi
177 4243 242 4286 non
257 4227 373 4313 ubique
389 4235 511 4298 lexicon
530 4236 727 4299 decurtatum
749 4251 824 4295 esse.
878 4229 937 4292 Sed
953 4236 1058 4290 tamen
1083 4246 1155 4288 oum
1178 4227 1212 4285 in
1228 4224 1378 4287 breviori-

207 4433 234 4503 *)
255 4434 424 4486 Forsmanus
444 4448 469 4498 p.
491 4431 540 4484 109
560 4428 654 4482 eodem
673 4427 757 4480 utitur
776 4422 850 4476 futili
870 4422 1039 4488 argmnento.
