2970 4898
681 173 900 234 ..18-

156 356 229 435 136,
260 356 299 417 t‘l
324 375 352 415 ν.
377 350 561 436 πρόιεψανι
587 353 622 419 ἐν
644 358 685 435 τῇ
711 356 741 417 Ω
768 358 825 436 τῆς
856 347 1037 426 Ὀδυσσείας
1063 346 1301 435 δἩλιόδωρος.
1361 351 1433 433 150,

159 465 201 526 20
223 483 252 523 v.
276 457 455 546 adouacrio:
484 456 675 540 Ἡλιόδωρος
698 457 733 524 ἐν
755 463 796 540 τῇ
825 463 857 524 Γ
874 453 1026 542 (λαψοιδία
1047 453 1264 536 ’οδνσσείας.“)

245 567 377 630 Prorsus
401 571 506 629 autem
529 566 618 628 nulla
631 563 771 626 manebIt
794 561 955 644 dubitatio,
978 565 1005 626 si
1023 563 1101 625 mihi
1118 564 1269 627 concedes
1294 565 1311 625 7
1316 567 1345 645 3,
1370 566 1434 627 tir.

154 676 312 759 ἐπιειμένε
336 725 342 740 .
367 723 372 734 .
397 673 468 739 ἐπὶ
492 676 513 738 δ
523 673 538 738 ὲ
560 678 610 759 τῆ
621 677 680 748 ς]
696 667 949 746 Ὀδυσσείας
981 669 1140 758 ,μεγάλην
1170 673 1348 758 ἐπιειμένος
1382 677 1435 738 αλ-

154 777 234 867 κήν”
266 776 495 863 Ἡλιόδωρος
528 776 744 846 ἀποδίδωσι
779 781 999 864 πεποιημένον
1032 779 1117 841 idem
1150 797 1219 841 esse
1253 783 1349 861 atque
1381 779 1436 845 ἐπὶ

156 892 267 972 στίχου
299 888 335 954 ἐν
357 895 398 971 τῇ
422 883 638 962 ΙὈδνσσείας
669 882 839 971 γενόμενος
860 885 893 947 id
918 889 977 966 est,
1009 891 1045 948 ut
1067 886 1109 952 M.
1134 885 1299 949 Schmidtii
1321 884 1436 947 Philol.

157 993 238 1056 VIII
260 1015 290 1077 p.
316 994 380 1055 248
399 999 471 1054 utar
494 991 599 1055 verbis
632 993 695 1073 „als
719 1012 753 1056 er
774 995 809 1055 in
836 995 956 1056 seinem
983 992 1211 1055 fortlaufenden
1237 991 1438 1055 Commentar

154 1100 203 1164 bIs
228 1100 476 1181 zurErlrliirung
499 1100 601 1162 dieser
624 1099 719 1163 Stelle
742 1101 797 1164 des
812 1101 918 1163 Buchs
937 1100 1089 1182 gediehen
1106 1101 1187 1162 war‘
1212 1100 1247 1162 cf.
1265 1097 1437 1162 Lehrsius³

153 1228 182 1292 p.
193 1209 221 1270 5.
256 1207 422 1288 Augustus
446 1205 527 1268 Blau
551 1207 608 1286 „de
626 1207 801 1271 Aristarchi
819 1207 998 1290 δίεοὶμαίῑάι
1022 1226 1049 1288 p.
1069 1208 1109 1266 55
1127 1227 1175 1268 an.
1201 1209 1229 1268 2.
1253 1198 1437 1268 Fdrmulam

155 1317 242 1378 enim
266 1315 320 1381 ἐπὶ
342 1321 400 1399 τῆς
423 1311 591 1398 ῥαψωδίας
613 1320 735 1396 μενοῖεν
760 1316 863 1378 locum
888 1313 1050 1376 laudatum
1074 1311 1122 1376 bis
1137 1315 1259 1396 repperi
1277 1315 1311 1374 in
1334 1313 1438 1375 lexico

157 1424 184 1502 9,
208 1423 228 1483 4
253 1442 280 1488 v.
305 1417 399 1488 ἀδινά
422 1426 452 1482 et
477 1421 526 1501 94,
552 1421 593 1483 30
616 1441 644 1482 y.
668 1417 825 1507 καλάμην,
850 1419 965 1503 quibus
989 1422 1175 1503 comparatis
1199 1439 1288 1503 spero
1312 1425 1438 1483 senten-

154 1531 231 1592 tiam
253 1547 357 1590 meam
385 1548 449 1590 non
483 1530 650 1590 carituram
681 1547 748 1590 esse
779 1529 919 1590 veritatis
950 1530 1059 1610 specIe.
1084 1566 1125 1573 -
1150 1527 1317 1590 Neminem
1341 1529 1439 1611 igitur

156 1638 297 1698 smmum
319 1636 459 1718 potuisse
481 1634 640 1705 iuducere,
664 1640 700 1696 ut
708 1635 937 1717 conglutInaret
947 1654 1040 1717 opera
1063 1642 1127 1698 tam
1151 1635 1292 1698 diversae
1310 1635 1437 1715 indolis,

154 1742 325 1806 verisImile
347 1741 479 1803 videtur.

218 1835 221 1838 Α
264 1847 350 1922 Quae
374 1867 446 1910 cum
470 1850 513 1910 Ita
537 1851 608 1929 sint,
631 1850 817 1931 expellenda
840 1849 965 1911 tandem
990 1848 1104 1911 umbra
1118 1850 1253 1932 Apionis
1277 1855 1307 1912 et
1329 1848 1439 1912 Helio-

156 1956 224 2018 dori
247 1957 507 2036 consociatorum
532 1973 612 2037 quae
635 1948 680 2017 tot
702 1957 786 2018 viros
807 1956 960 2033 doctos**)
983 1958 1017 2016 in
1041 1974 1160 2019 errores
1183 1956 1342 2021 illiciebat.
1369 1994 1412 2001 —

264 2062 344 2125 Cum
377 2063 465 2124 nulla
487 2064 552 2124 iam
585 2064 721 2144 supersit
754 2065 867 2145 opimo,
902 2083 973 2145 qua,
1009 2064 1166 2145 quomodo
1198 2063 1381 2143 Hesychius
1411 2070 1441 2127 et

157 2169 289 2232 Photius
322 2169 414 2251 plura
436 2168 648 2251 Apolloniana
670 2170 829 2231 interdurn
860 2169 1008 2232 exhibere
1035 2172 1194 2252 potuerint
1222 2190 1318 2253 quam
1342 2171 1441 2254 Apol-

155 2278 260 2338 lonius
283 2277 358 2358 ipse,
390 2276 571 2350 illustretur,
605 2282 730 2339 maneat
763 2297 814 2340 eos
850 2296 889 2339 ex
920 2278 1089 2360 integriore
1116 2278 1211 2339 lexici
1233 2277 1441 2359 Apolloniani

155 2383 255 2445 forma
278 2383 427 2444 hausisse.

158 2571 160 2576 .
264 2488 394 2552 Utmam
430 2487 646 2572 Diogenianus
670 2496 771 2552 totum
805 2491 967 2573 Apollonii
1004 2510 1082 2573 opus
1117 2492 1150 2551 in
1183 2511 1277 2554 suum
1312 2492 1442 2557 lexicon

146 2597 405 2679 'transcripsisset
427 2596 478 2658 vel
500 2594 680 2675 Hesychius
699 2598 835 2660 Intactus
855 2598 1213 2679 essetepitomatoribus!
1253 2596 1313 2660 Sed
1330 2600 1442 2662 etiam-

158 2722 244 2765 nunc
267 2722 283 2764 e
307 2703 421 2765 misera
445 2701 596 2782 Hesychii
619 2704 718 2765 forma
743 2723 806 2766 non
829 2704 921 2766 modo
940 2705 1044 2767 multa
1066 2724 1234 2787 possumus
1258 2706 1442 2788 depromere

158 2810 197 2872 ad
220 2810 382 2892 Apollonii
404 2809 528 2871 lexicon
553 2810 752 2892 explendum,
777 2810 831 2873 sed
851 2812 944 2872 etiam
961 2813 1103 2873 conicere
1125 2811 1201 2874 inde
1223 2813 1304 2893 licet,
1322 2833 1441 2895 quous-

161 2935 222 2998 que
244 2917 401 2998 progressi
425 2917 730 2999 siutepitomatores
752 2920 786 2978 iu
810 2918 978 3000 Apollonio
1007 2919 1211 3000 excerpendo.
1258 2918 1441 3000 Hesychius

98 3087 99 3090 ,
159 3026 252 3104 enim,
270 3027 325 3106 qui
340 3024 543 3106 parcissimus
560 3032 607 3086 est
622 3026 655 3085 in
675 3025 805 3087 testibus
822 3025 1002 3106 allegandis
1026 3043 1098 3086 cum
1115 3044 1207 3108 saepe
1225 3044 1281 3107 pro
1298 3025 1440 3090 locorum

163 3148 294 3192 numero
328 3149 345 3192 e
377 3132 549 3213 copiosiore
583 3131 744 3214 Apollonii
775 3133 874 3193 forma
906 3135 1078 3195 servarent
1105 3139 1268 3194 auctorum
1301 3137 1442 3217 nomme,

167 3240 298 3321 quaem
321 3239 424 3300 lexico
448 3239 507 3319 Ap.
525 3246 721 3301 evanuerunt
745 3240 780 3301 cf.
791 3260 819 3322 p.
839 3241 878 3301 13
892 3259 950 3321 οη,
973 3241 1161 3302 immensam
1184 3241 1327 3323 sequiiur
1342 3241 1442 3306 fuisse

160 3347 399 3427 epilomatorum
432 3346 593 3428 Apollonii
628 3348 798 3408 saeviuam.
853 3345 987 3428 Hxiguis
1010 3366 1084 3409 vero
1117 3347 1270 3429 reliquuis
1302 3347 1442 3413 fruimur

160 3453 293 3515 aedificii
316 3453 392 3515 olim
416 3454 674 3536 splendidissimi!

232 3699 262 3764 l)
283 3699 382 3752 Mirum
403 3700 475 3767 quod
495 3699 619 3753 omnibus
639 3701 706 3752 locis
727 3699 864 3767 Odysseae
885 3699 1071 3753 commentarii
1090 3701 1218 3753 citantur.
1267 3702 1440 3770 Quamquam

161 3791 241 3843 etlam
260 3790 287 3841 in
298 3790 383 3842 Iliade
394 3789 558 3858 explicanda
567 3789 743 3842 Heliodorum
756 3796 890 3843 versatum
902 3805 961 3842 esse
980 3790 1112 3856 probatur
1122 3806 1144 3842 e.
1155 3807 1179 3856 g.
1191 3791 1233 3853 29,
1244 3792 1260 3844 9
1271 3809 1294 3843 v.
1306 3788 1440 3862 ἄμμορον,

161 3885 253 3933 tamen
276 3896 305 3932 re
325 3896 388 3933 vera
408 3879 556 3946 Odysseam
580 3879 673 3946 magis
692 3879 797 3932 videtur
815 3879 978 3946 respexisse.
1020 3885 1110 3946 Atque
1129 3881 1208 3933 etiarn
1233 3879 1386 3934 Aristarchi
1406 3883 1440 3936 ad

161 3969 308 4037 Odysseam
335 3967 509 4038 potissimum
546 3968 730 4021 commentarii
767 3968 926 4037 laudantur3
962 3967 1063 4022 videsis
1099 3970 1254 4023 testimonia
1281 3986 1307 4038 p.
1336 3970 1370 4021 22
1400 3988 1440 4038 sq.

160 4057 240 4112 Unde
259 4057 376 4110 fortasse
396 4058 526 4126 sequitur,
547 4066 576 4111 ut
594 4058 719 4128 pluribus
739 4057 937 4110 commentariis
957 4057 992 4110 ad
1003 4057 1151 4125 Odysseam
1170 4075 1249 4125 quam
1270 4058 1304 4111 ad
1323 4058 1440 4113 Iliadem

160 4163 227 4200 usus
247 4145 283 4200 sit
301 4148 352 4213 Ap.
390 4147 515 4200 Incertus
535 4164 602 4213 sum,
627 4163 661 4197 an
683 4164 714 4199 ea
733 4145 769 4199 sit
788 4162 883 4213 causa,
904 4147 976 4213 quod
996 4146 1133 4214 Odysseae
1151 4147 1236 4201 libros
1257 4148 1441 4217 quadraginta

162 4241 292 4304 quattuor
310 4237 377 4289 locis
397 4236 483 4304 affert,
503 4236 596 4289 Iliadis
616 4236 749 4289 undecim.

220 4342 259 4412 “l
279 4343 353 4396 Inter
373 4359 440 4408 quos
461 4343 539 4395 etiarn
560 4344 590 4395 F.
610 4341 787 4394 Ritsohelium
809 4343 841 4395 cs.
863 4359 904 4412 op.
926 4345 945 4404 l,
968 4345 1029 4410 117,
1058 4345 1105 4397 sed
1136 4361 1198 4397 cavo
1219 4352 1375 4413 praetereas
1396 4362 1441 4398 an·

162 4434 329 4487 notationem
349 4450 374 4502 p.
396 4434 454 4486 119.
