2970 4898
638 125 834 184 -4-

98 297 192 385 ἐπίηῤ
216 297 275 367 ἀνα
301 309 396 388 dopo}
418 302 580 384 scripsisse
602 302 791 386 perhibetur.
850 302 996 364 Voluisse
1020 304 1105 364 enim
1129 322 1202 364 eum
1226 302 1377 365 adieetive

24 400 27 405 ⁴
98 402 255 494 ἐπιήρανα
285 414 382 496 θνμοῤ
412 408 513 490 liquet
547 429 587 472 ex
621 410 766 473 versione
792 410 840 483 73,
868 411 907 472 13
943 405 1172 495 ἑπικοοφητικοῖ
1193 410 1376 491 unicuique,

90 515 155 596 'qui
178 516 268 577 novit
290 534 410 578 morem
433 517 657 600 paraphraseos
680 517 936 596 Aristarcheae*).

187 621 299 703 Neque
323 623 425 685 solum
448 625 483 685 in
510 623 606 687 rebus
635 623 881 707 orthographicis
908 624 1049 706 peooavit
1077 621 1238 703 librarius,
1267 643 1378 686 verum

99 729 193 790 etiam
216 730 376 811 graviores
400 731 557 793 oommisit
584 748 713 793 errores
760 729 812 793 Sio
838 731 999 794 interdum
1023 749 1063 793 ex
1092 750 1155 793 uno
1184 732 1284 813 eapite
1306 731 1379 793 feeit

100 835 162 896 duo
186 835 375 917 discindens,
400 856 481 919 quae
501 843 591 900 erant
609 838 691 899 inter
709 855 742 900 se
758 839 925 901 ooniunota
941 837 976 898 of.
993 859 1021 921 p.
1041 837 1081 900 10
1100 856 1148 900 an.
1195 836 1253 900 Est
1271 843 1380 899 eontra

99 941 155 1004 ubi
183 943 421 1026 eonsoeiaverit,
445 964 526 1027 quae
548 963 613 1006 non
637 948 726 1006 erant
752 944 986 1026 coniungenda,
1016 944 1217 1007 lemmatibus
1246 945 1378 1006 omissis

100 1047 136 1110 E.
160 1069 188 1131 g.
213 1054 296 1112 reete
319 1052 398 1114 vidit
421 1051 554 1114 Villoiso
581 1051 653 1130 116,
677 1053 718 1114 22
744 1051 888 1132 (Belleri
912 1051 968 1130 ed.)
992 1071 1048 1134 pro

188 1164 317 1244 νηλεῖς
340 1155 411 1226 οἷον
436 1137 572 1244 νηλεεῖς.
589 1154 805 1244 ἀναμάρτητοι
825 1163 879 1220 ete.
905 1177 985 1241 quae
1009 1158 1252 1235 oodexexhibet‚
1276 1159 1381 1240 legen-

100 1263 176 1326 dum
200 1282 280 1327 esse:

192 1375 304 1459 νηλέϊ
324 1369 395 1439 οἷον
418 1369 559 1459 ἅνηλεεῐ.

191 1484 368 1565 νηλιτεῑς
391 1477 608 1569 ἀναμάρτητοι
631 1488 686 1542 eto.
712 1517 752 1524 -

193 1587 264 1660 164,
281 1587 302 1647 4
317 1607 373 1671 pro
397 1592 542 1674 φλέγμα
569 1587 630 1674 τήν
649 1584 760 1672 φλόγα.
785 1582 857 1652 ddi·
884 1582 1003 1667 Ἀπίων
1026 1582 1084 1653 τον
1107 1592 1264 1672 φλοῑσμον
1288 1610 1382 1669 ταρα-

101 1693 162 1782 χήν
184 1690 269 1779 λέγει
293 1692 407 1757 scribe:

190 1798 338 1887 φλέγμα
360 1799 421 1888 τήν
443 1798 547 1887 φλόγα

191 1915 377 1993 φλοῖσβος
401 1913 412 1986 (
413 1957 574 1976 ......
577 1911 586 1988 l
611 1908 629 1976 ὁ
654 1912 691 1976 δὲ·
713 1907 831 1976 Ἀνίων
878 1915 908 1971 et
931 1925 1012 1990 quae
1031 1912 1217 1988 sequuntur,
1241 1905 1277 1968 of.
1301 1905 1384 1967 Tol-

107 2016 186 2078 lius
210 2017 270 2098 Ap.
296 2013 387 2098 Soph.
412 2035 435 2077 s.
461 2035 489 2076 v.

708 2194 779 2273 §a

193 2334 347 2397 Venimus
370 2335 488 2396 iamed
510 2334 735 2396 vocabulorum
759 2335 916 2411 ordinem,
943 2354 1037 2417 quem
1055 2334 1243 2416 Apollonius
1259 2338 1386 2395 secutus

104 2443 158 2519 sit,
189 2441 420 2525 explicandum.
472 2440 583 2524 Neque
607 2446 800 2524 compertum
827 2440 940 2512 habeo,
970 2441 1144 2523 numquis
1173 2441 1387 2506 observaverit

103 2550 228 2612 lexicon
251 2550 405 2612 rationem
424 2548 539 2612 habere
563 2550 696 2612 duarum
721 2548 759 2610 ab
778 2548 868 2609 initio
888 2547 1119 2628 litterarum**).

194 2655 300 2737 Atque
332 2657 440 2739 paucis
475 2663 597 2718 tantum
622 2657 711 2736 loeis,
744 2676 823 2738 quos
856 2656 928 2717 ilioo
961 2674 1069 2716 omnes
1098 2654 1224 2717 afferam
1259 2661 1290 2716 et
1313 2674 1385 2717 exa-

104 2762 241 2834 minabo,
266 2763 408 2844 neglecta
430 2763 557 2826 videtur
579 2765 655 2826 haee
679 2783 789 2826 norma
813 2762 931 2824 scilieet
955 2781 1017 2824 non
1043 2760 1081 2822 ab
1106 2780 1155 2831 eo,
1182 2762 1236 2843 qui
1260 2762 1384 2823 lexieon

105 2870 276 2943 adornavit,
294 2869 347 2932 sed
367 2871 544 2932 alibrariis
579 2868 631 2932 Sic
643 2871 694 2943 59,
712 2871 754 2932 24
770 2890 825 2954 pro
843 2872 917 2936 (1οαὶ
933 2865 993 2954 γάρ
1009 2895 1044 2935 τε
1065 2865 1164 2936 πύλαι
1182 2867 1382 2930 scribendum

105 2981 152 3038 est
168 2978 261 3042 δοιαὶ.
301 2977 352 3046 45,
373 2977 413 3038 19
430 2996 484 3059 pro
504 2973 619 3060 ἄνσχεο
636 2977 720 3039 haud
738 2979 810 3056 scio,
835 2997 875 3038 an
892 2995 965 3038 oum
982 2975 1011 3042 J.
1028 2975 1199 3038 Beklrero
1217 2978 1274 3059 Ap.
1293 2975 1385 3060 Soph.

106 3102 128 3144 s
153 3103 182 3149 v.
206 3078 303 3166 ἄσχεο
326 3083 494 3166 legendum
519 3085 567 3148 sit.
614 3083 883 3146 Transmutandae
907 3089 982 3145 sunt
1004 3083 1139 3165 glossae:

194 3185 264 3270 βιός
289 3190 339 3267 51,
364 3191 405 3253 18
430 3227 471 3234 -
496 3197 606 3276 Βῆσσα
631 3193 679 3263 51,
707 3193 760 3266 19;

195 3293 297 3380 ὀχέειν
323 3297 394 3376 lea
416 3298 455 3359 10
481 3335 522 3341 —
547 3295 629 3381 deod
656 3299 727 3376 125,
756 3299 809 3375 123

178 3650 202 3717 *)
228 3651 330 3703 Tamen
363 3651 434 3703 omni
467 3667 532 3703 eave
562 3651 687 3704 absolvas
716 3652 797 3720 eulpa
824 3648 1006 3717 Apollonium,
1036 3665 1116 3716 quem
1144 3666 1197 3702 non
1225 3650 1263 3702 ita
1290 3666 1388 3717 magna

86 3737 250 3806 diligentia
272 3755 348 3792 usum
372 3755 432 3792 esse
455 3739 483 3790 in
506 3738 672 3807 scriptorum
691 3740 758 3793 loeis
777 3739 921 3792 laudandis
945 3742 1030 3806 patet.
1069 3738 1150 3791 Velut
1169 3738 1243 3791 haud
1266 3739 1305 3791 ita
1325 3756 1387 3792 raro

108 3845 122 3882 e
142 3829 247 3882 duobus
266 3828 389 3881 versibus
408 3827 558 3880 Homericis
577 3827 685 3880 consuit
694 3845 786 3882 unum.
818 3826 857 3880 Cf.
873 3843 895 3880 e.
915 3843 967 3894 gn:
987 3829 1011 3894 9,
1022 3826 1064 3880 32.
1083 3825 1157 3880 πόλλ’
1179 3826 1385 3897 ἀεκαζομένους,1

106 3921 226 3989 τείροντο
246 3915 273 3970 δὲ
292 3914 366 3983 νηλέϊ
383 3913 468 3981 χαλκῷ
487 3931 520 3967 ex
539 3935 554 3965 ν
572 3917 623 3970 277
644 3920 672 3970 et
690 3922 716 3968 P
731 3919 784 3972 376
802 3924 904 3970 natum.

380 4005 420 4065 ll,
442 4004 482 4056 13.
502 4001 716 4071 παλαισμοσύνης
735 4006 867 4076 ἀλεγεινῆς
887 4006 890 4076 l
912 4007 997 4071 θῆκεν
1015 4002 1111 4057 ἄεθλα.

589 4112 621 4148 ex
644 4101 668 4146 Ψ
686 4097 735 4150 701
756 4100 785 4151 et
807 4102 830 4147 Ψ
850 4096 908 4150 700.

358 4183 398 4244 14,
418 4184 443 4238 9.
461 4181 571 4251 Ᾰέμονοὶ
591 4205 618 4236 τε
637 4188 746 4255 κρέοντα
767 4185 770 4256 l
794 4185 885 4236 Θόωνά
905 4205 933 4236 τε
952 4181 1088 4256 Δηΐπυρόν
1106 4205 1142 4237 τι.

569 4289 602 4326 ex
623 4279 645 4324 <t
661 4274 713 4326 296
731 4278 760 4327 et
779 4279 807 4326 N
824 4275 865 4327 92.
886 4306 918 4312 -

181 4381 220 4449 Η)
240 4381 380 4434 Interdum
399 4381 439 4433 vel
459 4380 552 4449 plures
573 4381 757 4450 respiciuntur
775 4383 884 4435 litterae
905 4383 938 4435 ot'.
958 4401 985 4450 p.
1007 4384 1039 4435 ro
1060 4400 1102 4435 an.
