2970 4898
554 1094 706 1166 CAPUT
734 1093 1005 1166 SECUNDUM.

460 1411 533 1520 lle
575 1408 856 1520 tontibus
894 1409 1095 1521 toxici.

225 1769 263 1831 ln
303 1770 403 1852 primo
439 1774 602 1831 auctorum
643 1769 781 1849 agmine,
820 1787 859 1830 ex
898 1767 1014 1850 quibus
1052 1743 1191 1830 hauserit
1226 1767 1421 1849 Apollonius

137 1874 293 1958 Sophiste,
323 1875 535 1937 nominandus
559 1879 605 1937 est
630 1876 845 1956 Aristarchus,
874 1877 964 1938 ouius
989 1876 1219 1955 commentarii,
1247 1893 1321 1936 oum
1345 1893 1421 1936 con-

137 1984 273 2044 tinerent
308 1984 448 2044 omnium
477 1983 541 2044 fere
574 1981 814 2044 Homericcrum
846 1981 1072 2044 vocabulorum
1099 1982 1317 2065 paraphrases
1340 1981 1422 2043 lexi-

138 2090 294 2172 cographo
328 2091 463 2172 opimam
501 2107 635 2151 messem
667 2089 870 2150 reddiderunt
902 2089 948 2150 ci·
963 2088 1129 2151 Lebrsius3
1152 2109 1181 2171 p.
1209 2089 1280 2151 153.
1326 2085 1422 2162 Quod

137 2215 248 2258 verum
273 2215 340 2258 esse
369 2198 513 2278 quamvis
553 2197 628 2259 satis
665 2193 825 2278 probabile
853 2198 906 2277 sit,
943 2202 1049 2258 tamen
1085 2214 1185 2257 unum
1217 2195 1295 2256 mihi
1327 2194 1423 2257 liceat

137 2302 313 2365 adscribere
345 2303 464 2383 locum,
497 2323 559 2384 quo
593 2303 798 2385 Apollonium
821 2304 979 2366 incuriose
1014 2297 1168 2384 quaedam
1200 2320 1240 2364 ex
1269 2306 1424 2384 perpetua

136 2410 311 2471 Aristarchi
333 2410 587 2491 interpretatione
616 2408 769 2471 delibasse
798 2410 962 2471 discimus:
995 2410 1046 2482 22,
1071 2409 1111 2469 28
1136 2405 1270 2493 άλίτην
1292 2406 1351 2475 τδν
1376 2409 1424 2486 εἰς

136 2516 234 2584 αὑτὸν
257 2514 420 2598 άλίτοντα,
444 2520 612 2584 τουτέστιν
634 2513 866 2602 ἁμαρτάνοντα.
913 2518 1014 2580 Locus
1038 2521 1085 2578 est
1109 2523 1141 2582 Γ
1160 2516 1215 2576 27:

300 2618 343 2700 ὥς
367 2620 464 2708 ἐχάρη
488 2627 653 2700 Μενέλαος
675 2621 882 2708 Ἁλέξανδρον
904 2626 1055 2690 θεοειδέα

296 2728 512 2816 ὀφθαλμοῖσιν
535 2727 623 2797 ἰδών·
647 2727 731 2814 μάτο
754 2730 813 2815 γάρ
836 2734 981 2797 τίσεσθαι
1005 2725 1134 2814 άλείτην
1157 2736 1213 2791 etc.

226 2854 371 2916 Ridicule
401 2855 485 2916 enim
513 2873 617 2916 errore
645 2861 753 2937 captus
777 2875 840 2916 non
860 2855 938 2916 vidit
974 2856 1018 2930 εἰς
1041 2850 1148 2933 αδτδν,
1184 2854 1267 2936 quod
1301 2854 1423 2936 legerat

136 2963 169 3023 in
194 2961 385 3044 paraphrasi,
410 2961 448 3022 ad
475 2959 653 3023 Menelaum
677 2981 744 3024 esse
767 2961 986 3025 revocandum.

230 3066 338 3130 Oritur
361 3075 466 3130 autem
491 3068 641 3148 quaesti0‚
675 3075 782 3132 utrum
805 3071 872 3152 ipse
896 3070 1085 3152 excerpserit
1109 3067 1296 3151 Apollonius
1320 3067 1422 3131 lexeis

136 3176 214 3236 istas
231 3193 247 3236 e
264 3175 497 3236 commentariis
516 3174 739 3259 Aristarchus,
764 3197 804 3238 an
826 3176 1056 3259 transcripserit
1080 3176 1294 3238 collectionem
1320 3194 1422 3257 quan·

139 3281 212 3343 dam
245 3280 283 3343 ab
319 3282 379 3342 alio
412 3283 475 3342 iam
509 3281 689 3362 confectam,
721 3283 752 3344 id
778 3283 861 3365 quod
885 3284 994 3346 statuit
1017 3281 1207 3345 Forsmanus
1231 3302 1258 3364 p.
1285 3282 1326 3343 99
1351 3287 1421 3365 sqq.

139 3386 230 3462 Quod
254 3389 392 3470 potuisse
416 3387 544 3470 quidem
568 3388 636 3450 fieri
660 3408 733 3451 curn
757 3389 977 3466 concedamus,
1000 3387 1117 3451 factum
1137 3407 1204 3451 esse
1224 3388 1422 3472 argumentis

137 3496 189 3558 vir
213 3496 323 3559 doctus
347 3515 457 3577 parum
482 3494 606 3556 videtur
629 3495 838 3558 confirmasse.

226 3601 377 3664 Perverse
411 3602 494 3664 enim
519 3602 607 3663 aii'ert
635 3603 774 3664 scholion
804 3601 830 3663 B
855 3605 935 3664 435:
960 3599 1064 3676 οὕτως
1087 3603 1119 3669 αἱ
1139 3597 1345 3686 Ἀριστάρχου
1370 3601 1421 3664 λέ·-

136 3720 199 3794 §etc
223 3711 259 3776 ἐκ
283 3715 341 3776 τοὺ
365 3715 395 3774 Β
411 3715 469 3794 τῆς
490 3704 628 3784 Ἰλιάδος·
654 3707 764 3792 δηθά
783 3709 891 3803 αολδν
914 3708 1039 3795 χρόνον,
1063 3706 1152 3776 αὖθι
1175 3706 1282 3791 αὐτοῦ,
1307 3701 1421 3790 λεγώ-

136 3825 234 3901 μεθα
258 3812 556 3900 ουναθροιζιόμεθα.
581 3811 598 3881 d
623 3818 658 3882 δὲ
688 3813 781 3901 λόγος
809 3827 967 3894 τοιοῦτος·
1005 3820 1118 3902 μηκέτι
1145 3823 1204 3884 νῦν
1232 3818 1286 3884 ἐπὶ
1313 3811 1421 3883 πολέν

135 3919 253 4008 χρόνον
291 3920 399 3989 αὐτοῦ’
432 3927 699 4008 συνηθροισμένοι
741 3929 900 4009 μένωμεν,
941 3931 976 3985 ut
1010 3924 1104 3985 etiam
1141 3922 1328 4004 Didymum,
1363 3927 1420 4007 qui

137 4030 251 4092 scholii
268 4036 375 4091 auctor
399 4035 453 4107 est,
476 4031 568 4090 istius
592 4030 705 4091 lexeon
730 4049 904 4112 synagogas
928 4032 1071 4092 notitiam
1096 4029 1243 4093 babuisse
1267 4031 1418 4095 ostendat.

136 4135 219 4198 Nam
243 4135 340 4198 verba
362 4136 398 4202 ἐκ
425 4145 484 4202 τοῦ
513 4144 543 4203 B
568 4148 627 4224 τῆς
657 4134 786 4213 Ἰλιάδος
814 4138 892 4199 nibil
920 4138 982 4199 nisi
1011 4139 1251 4201 commentarios
1280 4139 1419 4218 Aristar·

137 4243 229 4304 oheos
258 4243 433 4325 significare
461 4250 606 4326 possunt3
636 4244 671 4304 of.
696 4243 898 4306 lardwicbius
926 4245 980 4309 Ar.
1005 4244 1044 4305 H.
1068 4243 1099 4304 T.
1125 4245 1161 4306 ad
1191 4246 1276 4307 hunc
1303 4246 1417 4308 locum.

136 4348 247 4432 Neque
271 4351 417 4432 cuiquam
435 4350 568 4412 nrultum
586 4352 784 4433 profuturum
799 4351 896 4413 fuisse
912 4354 1087 4433 putaverim
1104 4352 1224 4414 lexicon
1243 4353 1417 4416 secundum
