2970 4898
644 185 864 249 *21-

101 368 246 431 ordinem
276 369 453 430 carminum
478 366 718 458 Homericorum
743 366 947 448 dispositum!
977 364 1038 427 Sed
1067 357 1245 445 audiamus,
1270 364 1386 447 quibus

101 475 299 558 argumentis
322 475 373 540 vir
396 473 506 536 doctus
530 474 711 556 opinionem
729 492 818 536 suam
842 478 976 536 tueatur.
1024 471 1196 553 Postquam
1219 493 1248 555 p.
1274 473 1336 536 102
1361 492 1385 536 e.

100 603 129 665 g.
154 583 312 665 inspicere
338 601 397 645 nos
420 582 513 644 iussit
545 580 664 661 glossas
697 581 872 666 αἰναρέτης,
909 577 1061 664 ἀνέσαιμι,
1094 577 1252 665 ἀνιεμένη,
1280 577 1385 668 ἀπίης,

100 685 270 775 ἀστεμφές,
280 691 411 774 γέγωνε,
429 688 571 767 έθοντες,
587 684 717 773 ήλασαν,
734 684 899 772 κινάμοια,
917 690 1056 772 μέλλετε,
1073 683 1188 770 οὕλως,
1201 690 1386 772 τρίλλιστος,

100 791 205 879 φαλός
213 795 329 878 pergit:
354 796 406 875 „in
430 794 478 856 his
502 799 572 877 post
595 799 689 876 caput
703 794 825 876 glossae
847 813 922 856 mox
939 794 1083 875 sequitur
1097 793 1202 876 glossa
1224 793 1275 854 vel
1297 813 1386 876 para-

100 902 236 984 phrasis,
262 901 398 984 speciem
420 919 495 982 prae
519 919 552 962 se
575 899 678 962 ferens
702 901 797 962 totius
813 900 975 963 cuiusdam
999 919 1055 982 per
1078 918 1111 961 se
1133 899 1215 961 finiti
1239 897 1387 962 absoluti-

102 1027 179 1090 (μισ,
204 1013 272 1070 tum
282 1007 371 1070 nullo
383 1025 470 1069 nexu
483 1007 600 1069 causali
612 1007 663 1068 vel
679 1026 791 1069 sensus
808 1006 886 1068 aliae
902 1008 1074 1068 sententiae
1090 1007 1261 1088 excipiunt,
1284 1008 1329 1068 ita
1351 1011 1387 1069 ut

100 1113 276 1177 confinium
292 1112 386 1176 valde
408 1113 609 1176 manifestum
634 1120 664 1175 et
687 1119 807 1176 certum
830 1113 967 1196 glossam
991 1113 1029 1175 ab
1048 1113 1385 1195 insequentibusdiri-

101 1227 182 1303 mat,
208 1241 290 1304 quae
313 1227 368 1284 aut
390 1222 451 1304 ipsi
474 1221 695 1303 lexicographo
719 1222 872 1304 originem
889 1220 1010 1294 debent,
1036 1227 1089 1283 aut
1113 1240 1129 1282 e
1153 1222 1385 1284 commentariis

101 1328 238 1391 oriunda
258 1328 358 1391 sunt.“
396 1327 440 1389 At
456 1327 559 1390 evolvi
574 1328 658 1390 locos
675 1327 831 1408 laudatos,
854 1327 987 1390 fissurae
1003 1328 1118 1389 hiantis
1135 1346 1175 1389 ne
1194 1327 1295 1389 hilum
1316 1329 1384 1410 qni-

101 1436 175 1499 dem
198 1436 329 1518 repperi.
368 1434 480 1518 Neque
502 1435 682 1498 mirandum
706 1435 785 1496 mihi
812 1434 937 1497 ridetur
965 1436 1141 1497 versionem
1171 1437 1290 1497 auctori
1313 1456 1383 1518 pro-

101 1541 210 1604 batam
234 1541 372 1624 primum
396 1542 506 1624 capitis
529 1540 670 1603 obtinere
692 1542 805 1604 locum.

191 1645 220 1709 N
224 1666 259 1710 ec
271 1648 371 1729 magis
384 1646 481 1730 probo
506 1648 599 1709 aliam
613 1648 772 1730 quandam
785 1649 973 1732 opinionem,
988 1669 1081 1731 quam
1093 1648 1132 1710 de
1144 1648 1238 1711 lexici
1247 1648 1386 1712 fontibus

100 1754 297 1817 Forsmanus
321 1754 374 1816 ille
398 1753 458 1817 sibi
482 1753 582 1817 finxit.
631 1752 692 1828 Qui
716 1755 888 1817 admiratus
905 1757 1005 1818 multa
1028 1756 1059 1822 οἱ
1080 1759 1148 1840 μέν,
1173 1755 1204 1821 οἱ
1228 1759 1273 1839 δέ,
1299 1755 1385 1840 ένιοι,

99 1865 188 1937 τινές
211 1879 293 1944 quae
316 1861 467 1944 leguntur
482 1863 515 1922 in
539 1862 649 1934 lexico
674 1881 745 1924 cum
770 1882 807 1924 ea
833 1864 1021 1946 repperisset
1044 1864 1078 1924 in
1095 1863 1221 1925 scholiis
1245 1880 1384 1944 praeser-

99 1970 159 2031 tim
184 1968 223 2030 ad
248 1966 437 2049 Odysseam,
465 1987 671 2050 praepropere
699 1967 759 2030 sibi
787 1971 929 2051 persuasi
970 1991 999 2052 p.
1030 1970 1079 2049 16,
1115 1971 1165 2042 52,
1205 1970 1266 2030 122
1291 1969 1386 2050 Apol·

100 2075 225 2138 lonium
250 2094 345 2137 usum
370 2093 437 2138 esse
461 2075 652 2137 scholiorum
678 2075 813 2157 quodam
843 2094 980 2158 corpore,
1006 2095 1068 2158 quo
1094 2081 1258 2138 auctorum
1286 2076 1387 2137 nomi-

99 2180 198 2245 nibus
222 2183 347 2244 omissis
371 2179 459 2243 brevi
483 2187 650 2263 conspectu
681 2181 947 2244 continuabantur
974 2183 1079 2244 variae
1108 2182 1387 2264 grammaticorum

98 2290 383 2372 interpretationes.
435 2287 496 2350 Sed
531 2308 594 2371 qua
616 2307 650 2350 re
683 2287 828 2350 effectum
863 2296 961 2368 esset,
996 2294 1032 2350 ut
1066 2295 1230 2351 auctorum
1258 2291 1387 2351 nomina

99 2407 167 2462 tam
191 2416 283 2480 saepe
308 2397 534 2474 omitterentur,
560 2416 656 2478 supra
670 2417 698 2478 p.
725 2396 772 2456 11.
793 2396 955 2459 meliorem
977 2397 1087 2459 videor
1118 2398 1196 2459 mihi
1231 2398 1387 2460 detexisse

100 2524 240 2568 causam.
293 2501 377 2577 Quin
413 2503 507 2565 etiam
540 2502 723 2564 scholiastes
752 2503 790 2564 ab
823 2503 992 2586 Apollonio
1018 2504 1170 2566 nonnulla
1204 2506 1387 2587 repetivisse

99 2611 274 2674 verisimile
312 2609 403 2671 nobis
445 2608 547 2670 fiebat.
600 2607 652 2670 Sic
675 2610 709 2670 in
743 2611 843 2692 capite
877 2616 991 2696 πλωτῇ
1032 2611 1103 2683 132,
1131 2611 1180 2690 18,
1216 2611 1302 2693 quod
1330 2631 1384 2672 an-

101 2719 211 2782 testari
235 2736 299 2779 non
324 2715 432 2778 debuit
447 2717 495 2778 vir
512 2716 622 2778 doctus
638 2736 668 2799 p.
687 2718 738 2796 43,
762 2716 951 2798 Apollonius
968 2715 1096 2779 exhibet
1110 2736 1226 2779 nomen
1247 2716 1385 2792 Cratetis

100 2845 176 2888 cum
198 2825 233 2885 in
258 2822 376 2885 scholio
400 2823 478 2889 ένιοι
501 2822 632 2904 legatur.
681 2822 783 2904 Apoll.
809 2821 902 2905 Soph.
926 2829 1041 2907 πλωτῇ
1064 2827 1148 2907 λέγει
1170 2825 1229 2908 μὲν
1252 2825 1305 2891 έπί
1328 2834 1386 2913 τῇς

102 2927 225 2998 Αἰόλου
248 2926 361 3016 νήσου,
397 2928 415 2995 d
447 2932 556 3015 μέντοι
592 2926 720 3015 Κράτης
752 2926 861 2996 ἀκούει
883 2926 1096 3014 πλεομένη,ὁ
1125 2932 1160 2996 δὲ
1184 2928 1387 3017 Ἀρίσταρχος

100 3034 275 3123 κινουμένη]
298 3039 352 3102 καί
367 3032 509 3119 πλεούσῃ
526 3036 561 3097 cf.
575 3055 648 3097 cum
664 3036 781 3098 scholio
800 3063 821 3101 κ
847 3038 874 3114 3,
901 3037 978 3103 ένιοι
1001 3038 1060 3119 μέν
1083 3032 1143 3122 τήν
1155 3037 1384 3142 ἐμπλεομένην,

99 3142 173 3213 οἷον
195 3143 256 3231 τήν
279 3144 315 3210 έν
337 3146 525 3228 πλεομένοις
547 3139 660 3219 τόποις
682 3147 832 3229 κειμένην
855 3151 960 3230 νῇοον,
985 3140 1215 3230 ήέπιθετικῶς
1231 3149 1314 3230 λέγει
1326 3146 1386 3234 τήν

100 3255 244 3321 Αίολίαν.
268 3250 286 3318 ὁ
311 3253 347 3318 δέ
370 3248 571 3336 Ἀρίσταρχος
593 3257 707 3336 πλωτῇ
730 3247 801 3318 ἀντὶ
825 3258 883 3318 τοτ’
905 3261 1039 3337 φορητῇ,
1064 3248 1134 3319 οἷον
1150 3258 1385 3339 περιφερομένη]

101 3368 157 3425 etc.
183 3359 271 3436 Quae
295 3379 367 3422 cum
390 3361 435 3421 ita
458 3360 529 3438 sint,
554 3378 617 3420 non
642 3359 758 3420 arridet
781 3360 859 3420 mihi
870 3359 1061 3421 scholiorum
1085 3379 1197 3442 corpus
1209 3359 1383 3426 Forsmani.

192 3467 304 3550 Neque
348 3467 428 3528 facio
475 3484 545 3527 cum
593 3465 842 3545 Friedlaendero,
890 3467 945 3548 qui
990 3466 1154 3528 nonnullis
1200 3467 1277 3530 locis
1311 3467 1384 3531 libri

103 3575 296 3656 „Aristonici
327 3576 402 3657 περί
439 3577 579 3658 σημείων
613 3569 744 3654 Ἰλιάδος
778 3573 930 3654 reliquiae
962 3572 1208 3635 emendatiores‘
1233 3577 1268 3653 (e.
1292 3595 1319 3657 g.
1345 3576 1384 3637 ad

104 3681 221 3761 1537)
250 3680 455 3763 Apollonium
491 3679 634 3742 hausisse
667 3699 706 3741 ex
735 3681 915 3742 Aristonico
944 3685 1094 3742 autumat.
1145 3678 1282 3743 Exstant
1315 3683 1384 3764 qui-

104 3789 175 3852 dem
199 3789 234 3850 in
257 3787 359 3850 lexico
384 3787 524 3868 vestigia,
549 3786 665 3869 quibus
682 3787 871 3868 Apollonius
895 3788 1110 3849 Aristonicum
1135 3806 1199 3849 non
1223 3789 1384 3870 ignorasse

103 3895 310 3959 convincitur.
372 3891 424 3955 Sic
462 3892 642 3972 Hesychius
676 3913 703 3954 v,
733 3889 913 3979 ἀκοστήσας
941 3895 1009 3955 sine
1038 3893 1133 3956 dnbio
1153 3913 1193 3956 err
1215 3895 1382 3977 Apollonio

103 4002 240 4065 servarit
283 4019 398 4063 nomen
445 4001 630 4062 Aristonici:
677 3997 859 4084 κριθιάσας,
906 3997 1151 4087 ἀδδηφαμήσας,
1192 4000 1275 4068 κατά
1309 4000 1383 4079 τούς

103 4104 382 4195 γλωσσογράφοος,
411 4103 476 4173 ἀπό
504 4116 565 4173 τοῦ
592 4103 670 4182 ἀκος
693 4104 874 4191 λαμβάνειν.
898 4111 1008 4192 τίθησι
1032 4110 1068 4174 ἀὲ
1088 4105 1126 4175 τά
1149 4105 1227 4184 ἀκος
1250 4109 1302 4176 έπί
1326 4117 1383 4193 τῇς

104 4211 317 4292 ἀποπαύσεως
334 4223 394 4281 τοῦ
416 4240 452 4281 τε
475 4220 568 4299 λιμοῦ
589 4215 643 4279 καί
665 4221 723 4299 τῇς
751 4216 848 4300 δίψης
877 4218 972 4297 ,πίον
994 4211 1022 4281 τ’
1045 4211 1181 4282 ἀκέοντό
1203 4241 1239 4282 τε
1263 4214 1382 4300 δίηανίί

109 4326 139 4388 Χ
158 4323 187 4386 2.
210 4320 229 4390 ὁ
253 4323 294 4388 ἀί
317 4317 586 4405 Ἀριστόνικος
609 4323 644 4387 έν
668 4317 735 4405 άχει
760 4316 923 4399 (στάσεως)
951 4316 1135 4405 γενόμενος,
1165 4317 1217 4387 did
1240 4322 1383 4406 ἐπιφέρει

108 4425 243 4514 ,δεσμόν
276 4425 459 4515 ἀπορρήξας
492 4431 568 4511 θείη
600 4430 727 4493 πεδίοιο
760 4431 920 4512 κροαίνων
952 4434 982 4493 Ζ
1015 4427 1087 4507 507,
1120 4423 1139 4493 ὃ
1171 4431 1224 4494 καί
1255 4432 1382 4511 βέλτιον
