2970 4898
640 171 838 234 ..6-

188 352 315 416 Glossas
357 371 444 424 vero,
484 371 564 434 quae
592 372 632 413 ne
672 353 862 434 attingerent
897 353 1024 435 quidem
1059 352 1165 416 studia
1199 351 1376 431 Homerica,
1420 388 1422 401 ι

98 460 304 543 Apollonium
328 460 493 521 admisisse
517 461 646 522 omnino
670 458 854 521 incredibile
878 468 931 521 est.
990 459 1059 534 Qua
1087 461 1125 522 de
1149 480 1244 522 causa
1264 462 1376 523 seriem

98 589 126 651 p.
148 570 176 646 2,
198 568 325 629 10-15
343 563 469 648 (ἐᾶσθαι,
496 562 692 649 ἀασιφρονία,
717 562 825 650 ἄατον,
850 564 942 634 οἰδεῖν
966 571 1005 644 (v.
1024 587 1119 649 supra
1134 589 1162 649 p-
1182 569 1231 650 5.),
1256 565 1375 646 ciclica,

64 758 65 761 Ἴ
98 672 205 757 cipite,
231 673 269 736 ab
286 669 561 755 interpolatoribus
583 677 721 733 assutam
739 692 807 735 esse
825 675 942 756 opinor.
970 673 1076 734 Aliam
1096 692 1235 755 propono
1254 675 1375 736 seriem:

100 781 151 853 21,
172 781 300 845 10-13
325 775 553 863 ἀκοιτόφωνοι,
577 775 736 863 ἄκτὲανοι,
760 776 899 864 οἶκύμων.
946 778 1232 850 1415111642
1256 790 1377 864 ταῦροι,

98 884 229 970 ταύρων
251 883 336 972 αἷμα,
361 882 481 970 ταύρου
504 885 540 946 cf.
564 905 593 966 p.
621 888 648 947 5.

188 995 286 1056 Aliud
303 1013 404 1077 genus
419 992 677 1075 interpolationis,
694 993 732 1054 de
748 1011 810 1074 quo
823 994 885 1052 iam
901 992 996 1054 verba
1014 993 1157 1055 facienda
1172 998 1255 1072 sunt,
1271 993 1379 1054 minus

99 1105 132 1165 in
156 1108 303 1186 promptu
331 1107 384 1164 est.
436 1099 562 1162 Etenim
593 1119 665 1161 cum
694 1100 882 1182 Apollonius
911 1119 1005 1162 suum
1033 1103 1209 1163 carminum
1232 1100 1380 1162 Homeri·

100 1229 209 1273 corum
234 1209 399 1290 exemplar
422 1208 524 1270 solum
549 1208 718 1289 respiciens
746 1208 842 1269 variis
870 1206 1056 1269 lectionibus
1083 1207 1240 1290 peculiare
1263 1207 1381 1269 lemma

101 1336 165 1378 non
198 1317 435 1398 assignavisset,
470 1333 594 1392 eorum,
631 1315 685 1396 qui
720 1315 789 1376 aliis
818 1313 950 1376 Homeri
979 1315 1170 1379 editionibus
1200 1312 1380 1394 utebantur,

100 1443 176 1486 mox
204 1442 317 1505 parurn
345 1419 511 1482 videbatur
539 1422 691 1482 rationem
721 1419 875 1483 habuisse.
927 1420 1055 1484 Maioris
1083 1427 1190 1485 autom
1218 1429 1285 1486 erat
1312 1442 1381 1484 mo·

100 1532 214 1612 menti,
238 1529 321 1612 quod
345 1526 451 1592 verbis
475 1529 654 1612 compositis
678 1528 776 1592 semel
799 1527 858 1590 sub
881 1529 1027 1593 lemmate
1052 1535 1106 1591 aut
1129 1549 1204 1592 suae
1227 1535 1281 1591 aut
1305 1531 1381 1592 sim-

101 1638 191 1720 plicis
214 1636 331 1698 formae
354 1635 458 1696 locum
476 1633 606 1697 dederat
622 1639 716 1716 atque
733 1635 826 1696 etiam
843 1635 1020 1717 complures
1036 1654 1130 1699 voces
1149 1634 1381 1718 significatione

100 1744 151 1806 vel
167 1744 229 1806 alia
244 1741 381 1826 quadam
396 1740 582 1822 cognatione
601 1739 800 1803 cohaerentes
823 1760 885 1803 uno
902 1741 1114 1824 explicaverat
1130 1743 1239 1824 capite.
1288 1740 1379 1817 Quae

101 1852 179 1913 ratio
204 1870 276 1912 cum
299 1846 478 1911 labentibus
502 1848 594 1908 annis
617 1847 724 1908 minus
748 1853 819 1929 apta
843 1854 1004 1933 appareret
1031 1849 1069 1910 ad
1093 1869 1187 1911 usum
1215 1849 1381 1929 lectorum,

102 1962 157 2044 qui
180 1961 244 2022 iam
267 1959 388 2020 nonin
412 1957 641 2019 controversias
665 1955 829 2018 doctorum
852 1957 969 2037 induci,
993 1958 1047 2021 sed
1071 1957 1109 2020 de
1130 1978 1244 2021 vocum
1260 1959 1381 2022 Home-

101 2070 239 2131 ricarunr
255 2061 536 2149 significationibus
554 2083 649 2144 quam
665 2064 826 2126 celerrime
842 2067 987 2128 certiores
1003 2066 1071 2128 fieri
1088 2067 1241 2141 volebant,
1259 2070 1382 2131 exstitit

103 2179 158 2261 qui
194 2176 288 2238 lexici
323 2173 455 2235 formam
483 2170 668 2233 habiliorem
704 2171 833 2234 reddere
861 2181 1033 2236 conaretur.
1104 2173 1165 2250 Qui
1198 2175 1381 2254 „redactor”

103 2305 175 2348 cum
207 2283 308 2345 multa
346 2300 429 2342 nova
467 2279 615 2341 lemmata
652 2279 800 2359 adiceret,
835 2300 900 2342 non
934 2289 998 2344 tam
1031 2302 1072 2346 ex
1109 2283 1243 2345 aliorum
1279 2285 1381 2366 operi·

103 2393 163 2455 bus
199 2389 400 2473 interpolavit
432 2388 566 2466 lexicon,
601 2407 694 2469 quam
728 2389 892 2450 materiam
927 2389 966 2451 ab
1001 2390 1169 2472 Apollonio
1199 2396 1381 2473 congestam

105 2501 194 2563 aliter
232 2497 386 2580 disposuit
427 2501 521 2576 atque
562 2495 763 2557 circumcidit.
838 2495 919 2558 Nam
956 2517 1017 2580 quo
1064 2498 1125 2560 alio
1171 2498 1264 2561 modo
1311 2498 1381 2561 lieri

103 2606 250 2689 potuerit,
271 2610 305 2665 ut
320 2602 438 2664 multae
461 2601 559 2661 lexeis
571 2599 617 2661 bis
634 2600 683 2661 vel
706 2609 754 2662 ter
775 2602 809 2662 in
833 2621 869 2663 ea
893 2622 973 2685 quae
990 2623 1075 2665 nunc
1094 2610 1140 2667 est
1163 2605 1256 2667 lexici
1280 2605 1383 2668 forma

104 2715 308 2776 inveniantur
344 2710 491 2793 equidem
528 2709 640 2770 nescio.
697 2709 740 2769 At
779 2709 980 2771 commodum
1025 2730 1058 2773 se
1095 2711 1245 2793 praebere
1281 2713 1383 2775 voluit

104 2820 344 2902 lexicographus
381 2818 512 2881 Homeri
550 2815 730 2877 lectoribus:
767 2816 852 2897 quod
880 2818 906 2878 si
935 2820 1148 2899 proposuisset
1179 2817 1253 2898 sibi,
1277 2839 1383 2902 neque

105 2927 363 3010 praetermisisset
386 2932 450 2986 tam
474 2925 590 2985 multas
614 2927 644 2984 et
667 2920 808 2984 difficiles
837 2923 978 3004 lexeis,*)
1004 2930 1034 3001 et
1057 2924 1117 2987 sibi
1141 2926 1332 2987 constitisset
1348 2928 1380 2988 iu

105 3033 266 3096 vocabulis
290 3033 357 3094 loco
375 3051 432 3093 suo
449 3030 641 3112 alphabetico
657 3029 842 3094 inserendis.
889 3029 977 3093 Latet
993 3037 1097 3094 autem
1113 3033 1294 3095 etiamnunc
1310 3053 1334 3095 ο.
1354 3056 1383 3116 g.

106 3142 273 3224 explicatio

106 3267 191 3327 vocis
215 3261 417 3347 diatonicum
440 3261 499 3325 sub
523 3263 668 3325 lemmate
690 3258 772 3347 μύλη
798 3264 870 3344 114,
896 3266 914 3324 7

141 3421 156 3452 „
211 3369 341 3439 νειόθεν
453 3423 460 3455 ,
580 3423 597 3452 „
688 3374 798 3454 veuipp
826 3373 941 3439 true

141 3528 157 3559 „
212 3477 421 3562 πολυπτύχου
454 3529 471 3560 ,,
580 3525 596 3554 .,
686 3473 805 3560 πτύχες
830 3479 945 3557 137,3

141 3635 157 3666 ‚,
212 3583 435 3672 σκηπτόμενος
455 3637 472 3668 „
582 3637 598 3666 „
691 3591 855 3670 σκῆπτρον
881 3587 953 3664 142,
979 3586 1018 3645 13

141 3741 157 3772 .,
212 3687 404 3774 ἐστιχόωντο
455 3741 471 3774 „
581 3740 597 3773 „
688 3693 792 3773 στίχες
818 3691 888 3763 145,
910 3693 939 3754 6.

216 3994 240 4060 *)
251 3993 391 4059 Augustus
403 3992 514 4044 Brosow
530 3993 558 4043 in
573 3990 773 4057 dissertatione,
789 4007 858 4057 quae
873 3990 1032 4045 inscribitur
1046 3990 1204 4058 „Quomodo
1225 3991 1261 4044 sit
1275 3993 1387 4060 Apollo-

110 4084 170 4137 nius
190 4082 316 4150 Sophiste
340 4097 372 4134 ex
391 4079 576 4147 Etymologico
595 4081 695 4147 Magno
719 4078 869 4146 explendus
894 4083 976 4146 atque
1005 4080 1209 4134 emendandus“
1234 4081 1388 4147 Regimonti

112 4172 180 4225 1884
198 4189 223 4239 p.
239 4173 254 4224 9
275 4186 343 4237 quae
358 4170 473 4224 schedas
489 4169 565 4236 prelo
580 4167 633 4222 iam
653 4168 798 4222 subicienti
814 4168 880 4221 mihi
897 4168 1015 4222 innotuit
1028 4167 1153 4222 bonitate
1174 4168 1284 4236 Georgii
1301 4169 1387 4222 Curtii

110 4279 132 4313 v.
144 4260 182 4314 ill.
201 4259 264 4312 inde
283 4260 418 4313 conclusit
435 4259 513 4313 valde
533 4256 687 4310 mutilatum
701 4274 762 4311 esse
776 4257 886 4311 lexicon
901 4259 953 4326 Ap.
965 4257 1047 4326 Soph.
1084 4259 1123 4310 At
1137 4257 1316 4312 delitescente
1333 4277 1387 4312 ma-

111 4350 151 4416 gis
179 4351 318 4415 magisque
345 4366 440 4401 vocum
471 4348 673 4400 Homericarum
701 4347 798 4400 notitia
825 4347 946 4399 imminui
974 4346 1097 4414 potuisse
1120 4346 1216 4398 lexeon
1248 4364 1388 4400 numerum

111 4438 176 4492 mihi
195 4439 303 4506 quidem
322 4455 375 4490 non
396 4436 539 4490 verisimile
559 4436 670 4490 videtur.
