2970 4898
686 138 905 200 ..14-

153 336 191 379 ex
217 316 399 400 Apollonio,
424 337 486 379 non
511 313 684 399 eilApione
707 318 774 400 ipso
799 318 941 381 hausisse
964 318 1039 381 inde
1061 324 1163 402 potest
1186 320 1326 402 intellegi
1352 320 1435 403 quod

152 423 203 485 vel
239 423 309 486 aliis
336 423 369 485 in
393 424 487 487 rebus
511 429 605 507 atque
627 425 661 485 in
680 425 809 506 Apionis
838 425 1036 488 versionibus
1059 423 1177 488 ibidem
1197 427 1344 488 convenit
1365 446 1437 488 cum

152 531 320 612 Apollonio
344 531 380 594 cf.
404 531 464 614 Ap.
493 531 542 610 17,
568 532 608 594 30
641 527 830 615 αἱμασιάς.
854 528 874 617 ή
904 534 963 616 μὲν
986 536 1069 616 λέξις
1101 533 1137 600 ἐν
1161 529 1332 620 Ὀδυσσείᾳ·
1355 536 1437 601 ποτέ

151 640 211 721 μὲν
232 633 292 723 γάρ
315 657 411 723 φησιν
443 635 609 722 ,αἱμασιάς
640 665 676 705 τε
699 634 802 722 λέγων
825 640 879 703 καὶ
903 641 1040 722 δένδρεα
1062 636 1168 726 μακρά
1188 636 1357 723 φυτεῦωνί
1382 637 1437 708 ὁτὲ

156 747 192 810 δέ
210 744 375 830 ,αἱμασιάς
398 748 546 830 λέγοντες
569 742 675 832 οίλωῆς
690 745 819 829 ἔμμεναι
843 743 962 828 ἑ’ρκος.“
987 746 1053 813 ἔστι
1077 750 1113 814 δέ
1130 745 1168 816 τό
1192 749 1227 815 ἐκ
1243 754 1310 815 τών
1333 751 1438 815 λίθων

152 854 369 937 περιτείχισμα
401 848 420 918 ό
445 853 481 918 δέ
503 849 621 919 Ἀπίων
649 857 704 914 etc.
733 872 805 914 eum
847 850 1091 931 Hesychio:
1125 850 1305 940 αἱμασιά
1337 850 1376 921 τό
1400 855 1437 920 ἐκ

152 964 284 1025 πολλῶν
307 961 410 1026 λίθων
433 955 581 1044 λογάδων
597 955 763 1044 ἄθροισμα.
785 956 1002 1025 Ἀππίωνοίο.
1020 997 1062 1006 -
1079 960 1177 1022 Porro
1194 960 1230 1022 cf.
1244 961 1303 1042 Ap.
1323 959 1396 1040 167,
1417 960 1435 1020 6

151 1061 479 1150 χαμαιευνάδες
501 1065 695 1142 ἐπιθετικώς
717 1064 749 1131 αἱ
781 1060 853 1140 σύες
875 1063 939 1132 άπδ
962 1077 1023 1134 τοῦ
1044 1074 1380 1153 παρακολουθοῦντος,
1405 1067 1439 1133 αἱ

151 1174 247 1256 χαμαί
258 1168 471 1258 εῦναζόμεναι.
490 1172 594 1239 πολλά
604 1169 665 1258 γάρ
675 1178 742 1239 τῶν
751 1169 856 1238 ἄλλων
872 1169 1083 1256 τετραπόδων
1096 1171 1134 1240 τό
1144 1180 1257 1241 πλεῖον
1269 1173 1404 1241 ἵσταται.
1417 1172 1435 1239 ὁ

154 1280 190 1344 δὲ
202 1275 329 1346 Ἀπίων
338 1284 393 1343 etc.
411 1299 483 1341 cum
498 1278 530 1341 H
541 1298 586 1343 es.
599 1299 622 1341 s.
634 1299 661 1341 u.
676 1278 707 1345 οἱ
717 1275 790 1354 σύες
799 1274 864 1344 ἀπό
878 1286 937 1345 τοῦ
959 1286 1288 1364 παρακολουθοῦντος
1313 1277 1433 1363 αὐτοῖς,

152 1383 256 1453 πολλά
277 1385 338 1472 γάρ
360 1395 427 1454 τῶν
450 1383 556 1453 ἄλλων
567 1382 780 1471 τετραπόδων
791 1382 876 1467 ὀρθά
885 1393 1032 1473 κοιμᾶται
1041 1389 1094 1453 καί
1109 1387 1241 1455 ἑστοίτα.
1257 1385 1375 1455 Ἀπίων
1400 1391 1437 1455 δέ·

153 1498 207 1556 etc.
230 1493 317 1568 Quae
331 1513 403 1556 cum
413 1493 457 1555 ita
467 1495 538 1573 sint,
557 1493 703 1575 equidem
719 1511 782 1554 non
793 1491 900 1574 habeo,
911 1512 950 1556 ex
968 1513 1030 1577 quo
1045 1494 1130 1557 fonte
1145 1495 1324 1576 Hesychius
1345 1497 1438 1576 quin-

154 1619 215 1684 que
229 1601 352 1684 reliqua
366 1601 468 1684 capita
482 1597 730 1686 (θαλαμηπόλος,
741 1596 892 1686 μηκάδες,
903 1597 1120 1686 οὐδενόσωρα,
1130 1598 1240 1685 πόποι,
1252 1599 1438 1689 φοινήεντα)

153 1709 322 1791 sumpserit
344 1709 407 1770 nisi
431 1727 470 1770 ex
502 1707 642 1790 pleniore
676 1707 879 1790 Apolloniam
912 1707 1005 1769 lexici
1030 1707 1137 1772 forma.
1183 1707 1295 1791 Neque
1319 1708 1438 1789 dubito,

154 1815 231 1897 quin
247 1813 410 1877 Heliodori
433 1814 543 1877 eadem
568 1815 608 1876 sit
631 1813 781 1888 condicio,
810 1815 954 1896 quamvis
978 1816 1071 1876 semel
1098 1836 1127 1879 v.
1152 1812 1319 1882 ἀνάπυστα
1342 1821 1374 1878 et
1398 1815 1437 1878 ab

153 1921 321 2003 Apollonio
338 1927 368 1984 et
385 1920 423 1983 ab
439 1921 599 2003 Hesychio
615 1921 768 1983 laudetur.
794 1957 835 1964 —
859 1919 1037 2004 Depravata
1047 1923 1140 1984 etiam
1165 1928 1259 2004 atque
1275 1921 1439 1985 decurtata

153 2032 227 2090 sunt
250 2047 286 2090 ea
314 2029 474 2111 Apollonii
498 2030 607 2112 capita,
639 2027 815 2090 Aristarchi
849 2045 965 2090 nomen
995 2047 1075 2111 quae
1108 2030 1265 2109 omittunt,
1299 2047 1372 2091 cum
1398 2028 1437 2092 ab

152 2133 312 2215 Hesychio
336 2136 369 2196 in
393 2136 547 2218 capitibus
570 2155 662 2198 voces
686 2135 869 2198 Home1icas
893 2135 1124 2217 explicantibus
1147 2135 1301 2197 laudetur.

258 2241 294 2304 cf.
327 2243 386 2326 Ap.
421 2243 471 2323 26,
503 2244 555 2306 ,20
587 2240 693 2328 ἀμφὶ
724 2245 933 2330 πελέκκῳ.
980 2241 1039 2309 τδν
1071 2241 1225 2310 στειλειδν
1261 2245 1345 2327 λέγει
1377 2251 1437 2330 τῆς

153 2346 262 2435 άξίνης
276 2353 442 2418 πέλεκκον.
467 2347 533 2417 οἷπδ
551 2360 613 2417 τοῦ
627 2353 790 2426 πελέκεως
803 2352 969 2416 πέλεκκον.
987 2348 1107 2435 ,καλήν
1126 2347 1249 2435 (ἀξίνην
1265 2346 1435 2433 εὔχαλκον)

152 2456 268 2543 ἐλαΐνῳ
287 2453 366 2542 ἀμφὶ
388 2455 565 2545 πελέκκφ.“
590 2477 662 2519 cum
678 2456 872 2536 Hesychio
888 2477 910 2519 s.
926 2477 968 2518 u:
987 2460 1139 2524 πελέκιον
1158 2460 1311 2542 δίστομον
1330 2464 1436 2545 Κυρη-

152 2577 244 2630 ναῖοι.
267 2561 286 2631 δ
311 2567 348 2631 δέ
371 2562 571 2649 Ἀρίσταρχος
594 2564 653 2632 τόν
675 2570 733 2649 τῆς
757 2561 866 2650 ἀξίνης
890 2563 1020 2632 στελεδν
1043 2562 1222 2632 άπέδωκεν.

258 2672 317 2754 Ap.
344 2672 393 2752 77,
418 2673 458 2734 32
483 2673 632 2757 έοτορι
654 2671 712 2739 τόν
734 2670 798 2758 πρδ
821 2679 880 2738 τοῦ
902 2675 1015 2757 κρίκου
1046 2679 1105 2738 τοῦ
1127 2668 1231 2757 ῥυμοῦ
1262 2671 1366 2739 τδπον
1400 2674 1436 2735 cf.

152 2797 224 2840 cum
244 2777 404 2859 Hesychio
427 2800 455 2840 v.
481 2778 617 2863 ἕστορα
639 2775 677 2846 τό
700 2781 843 2864 κοίλωμα
866 2785 924 2846 τοῦ
938 2774 1103 2863 άμαρτίου,
1128 2774 1199 2864 ήτοι
1222 2785 1328 2863 ζυγοῦ,
1353 2778 1438 2846 ένθα

152 2882 350 2973 ὁτράχηλος
372 2892 440 2953 τῶν
464 2886 575 2954 ἵππων
598 2887 773 2969 ἐντίθεται,
806 2881 930 2971 ἢτδν
961 2881 1042 2970 πρδ
1071 2894 1146 2953 τοῦ
1173 2889 1330 2969 κρίκου
1358 2895 1437 2953 τοῦ

152 2989 287 3078 ῥυμοῦ
310 2989 444 3071 (τόπον).
473 2994 504 3060 οἱ
527 2995 564 3060 δέ
588 2990 670 3060 κατά
696 2990 900 3077 Ἀρίσταρχον
926 2989 984 3059 τόν
1011 2989 1177 3059 πόσοαλον
1204 2991 1263 3059 τδν
1290 2990 1434 3078 πεπηγό-

152 3103 289 3185 τα-περί
313 3097 413 3186 άκρου
435 3108 504 3169 τῶν
537 3097 657 3187 ῥυμιῦν,
690 3103 764 3184 περί
795 3094 834 3166 όν
863 3103 1026 3184 δεσμεῖται
1048 3103 1101 3167 καὶ
1125 3102 1255 3166 εἰλεῖται
1277 3096 1316 3166 τό
1339 3097 1433 3184 ζυγό-

154 3213 261 3295 δεσμα.
286 3245 327 3253 -·
352 3208 461 3271 Cetera
484 3215 559 3271 sunt
581 3207 740 3290 exempla:
766 3202 947 3290 ἀσφόδελον
965 3207 1005 3284 (P)
1026 3211 1142 3290 δίφιον.
1167 3204 1272 3274 πάλιν.
1301 3245 1342 3251 -

259 3316 408 3379 Photii
431 3321 536 3379 autem
560 3317 669 3398 capita,
695 3333 775 3397 quae
802 3318 1039 3396 repraesentant
1061 3315 1195 3397 Apionis
1219 3319 1249 3376 et
1272 3313 1436 3376 Heliodori

153 3425 290 3504 nomina,
313 3430 388 3487 sunt
401 3424 490 3486 haec:
516 3418 742 3497 σπιλάδες·
758 3420 790 3487 αἱ
806 3421 841 3487 έν
856 3415 952 3487 ὕδατι
968 3427 1072 3488 κοῖλαι
1094 3425 1217 3506 πέτραι,
1238 3418 1282 3498 oie
1304 3419 1435 3489 Ἀπίων·

151 3528 338 3615 Ἡλιόδωρος
362 3533 399 3598 δὲ
422 3529 480 3608 τδς
502 3532 767 3615 παραθαλασσίας
793 3530 914 3612 πέτρας
945 3530 998 3594 καί
1021 3529 1250 3614 έπειλημμένας
1273 3524 1337 3594 tal
1368 3537 1437 3621 των

151 3635 311 3723 κυμάτων.
336 3638 371 3700 cf.
396 3657 468 3700 cum
492 3638 550 3720 Ap.
573 3657 595 3700 s.
617 3657 645 3698 v,
669 3658 697 3720 p.
723 3636 794 3714 144,
820 3635 851 3695 7:
881 3631 981 3720 ὁμέν
1003 3631 1119 3703 Ἀπίων
1142 3636 1174 3702 αἱ
1197 3637 1232 3703 έν
1250 3631 1344 3702 ῦδατι
1368 3650 1435 3702 κοῖ-

152 3752 204 3811 λαι
226 3749 349 3830 πέτραι,
374 3741 392 3812 ό
417 3747 452 3811 δέ
473 3742 665 3828 Ἡλιόδωρος
688 3743 721 3810 αἱ
736 3739 994 3826 παραθαλάσσιοι
1008 3746 1124 3827 πέτραι
1139 3745 1192 3809 καί
1208 3743 1437 3828 ἐπειλημμένοι

153 3853 277 3930 (codem
302 3853 525 3938 πεπιλημέναι)
548 3848 613 3919 ῦπδ
636 3858 703 3918 τῶν
725 3845 886 3935 κυμάτων.

264 3961 380 4024 Phot.
414 3964 634 4047 τρίγληνα·
667 3955 767 4044 ὁμὲν
798 3953 986 4042 Ἡλιόδωρος
1026 3960 1166 4041 τρίκορα·
1198 3952 1299 4042 γλήνη
1331 3953 1392 4041 γάρ
1417 3958 1436 4043 r}

152 4077 211 4137 τοῦ
234 4066 405 4153 ὀφθαλμοῦ
431 4066 520 4153 κόρη.
549 4063 567 4131 δ
592 4069 627 4133 δὲ
656 4064 775 4132 Ἀπίων
797 4062 996 4151 πολόγληνα,
1025 4060 1065 4130 τά
1093 4071 1173 4140 θεάς
1197 4061 1276 4146 ἄξια.
1301 4064 1336 4125 of.
1362 4083 1435 4125 cum

153 4178 211 4260 Ap.
236 4197 259 4239 s.
284 4197 312 4238 v.
339 4176 410 4255 154,
436 4177 489 4236 24:
515 4174 532 4241 δ
556 4177 614 4260 μέν
636 4170 824 4258 Ἡλιόδωρος
846 4176 978 4255 τρίκορα
1002 4167 1081 4237 εἷπε·
1105 4168 1205 4256 γλήνη
1228 4168 1287 4254 γάρ
1310 4169 1330 4255 ἡ
1354 4166 1436 4256 κόρη

152 4293 212 4351 τοῦ
234 4281 404 4367 ὀφθαλμοῦ
428 4331 616 4349 .......
650 4281 668 4347 δ
693 4283 727 4346 δέ
752 4277 870 4347 Ἀπίων
901 4283 1029 4359 βέλτιον
1051 4273 1222 4362 πολόγλνα·
1250 4272 1351 4362 γλήνη
1374 4273 1437 4362 γάρ

154 4389 173 4479 ἡ
196 4389 286 4477 κόρη,
311 4387 392 4458 ὥστε
419 4388 498 4459 εἶναι
521 4393 717 4459 πολυθέατα,
742 4393 863 4473 πολλῆς
886 4390 965 4462 θέας
989 4382 1061 4468 άξια
1084 4394 1139 4454 etc.
