<?xml version="1.0" encoding="UTF-8"?>
<!DOCTYPE html PUBLIC "-//W3C//DTD XHTML 1.0 Transitional//EN"
    "http://www.w3.org/TR/xhtml1/DTD/xhtml1-transitional.dtd">
<html xmlns="http://www.w3.org/1999/xhtml" xml:lang="en" lang="en">
 <head>
  <title>
</title>
<meta http-equiv="Content-Type" content="text/html;charset=utf-8" />
  <meta name='ocr-system' content='tesseract 3.04.00' />
  <meta name='ocr-capabilities' content='ocr_page ocr_carea ocr_par ocr_line ocrx_word'/>
</head>
<body>
  <div class='ocr_page' id='page_1' title='image "./deapolloniisoph00leydgoog_0018.png"; bbox 0 0 2970 4898; ppageno 0'>
   <div class='ocr_carea' id='block_1_1' title="bbox 634 189 853 295">
    <p class='ocr_par' dir='ltr' id='par_1_1' title="bbox 634 189 853 295">
     <span class='ocr_line' id='line_1_1' title="bbox 634 189 853 295; baseline 0 -40"><span class='ocrx_word' id='word_1_1' title='bbox 634 189 853 295; x_wconf 77' lang='lat' dir='ltr'>--ll—</span> 
     </span>
    </p>
   </div>
   <div class='ocr_carea' id='block_1_2' title="bbox 97 371 1391 3989">
    <p class='ocr_par' dir='ltr' id='par_1_2' title="bbox 97 371 1390 2380">
     <span class='ocr_line' id='line_1_2' title="bbox 100 371 1382 456; baseline 0.002 -24"><span class='ocrx_word' id='word_1_2' title='bbox 100 371 269 453; x_wconf 80' lang='lat' dir='ltr'>magisque</span> <span class='ocrx_word' id='word_1_3' title='bbox 301 373 333 434; x_wconf 93' lang='lat' dir='ltr'>in</span> <span class='ocrx_word' id='word_1_4' title='bbox 365 377 533 454; x_wconf 82' lang='lat' dir='ltr'>angustum</span> <span class='ocrx_word' id='word_1_5' title='bbox 564 391 674 453; x_wconf 80' lang='lat' dir='ltr'>cogere</span> <span class='ocrx_word' id='word_1_6' title='bbox 707 378 801 456; x_wconf 88' lang='lat' dir='ltr'>atque</span> <span class='ocrx_word' id='word_1_7' title='bbox 829 375 923 436; x_wconf 91' lang='lat' dir='ltr'>etiam</span> <span class='ocrx_word' id='word_1_8' title='bbox 952 375 1052 436; x_wconf 87' lang='lat' dir='ltr'>eicere</span> <span class='ocrx_word' id='word_1_9' title='bbox 1080 371 1255 436; x_wconf 72' lang='lat' dir='ltr'>studebant.</span> <span class='ocrx_word' id='word_1_10' title='bbox 1303 371 1382 435; x_wconf 90' lang='lat' dir='ltr'>Nam</span> 
     </span>
     <span class='ocr_line' id='line_1_3' title="bbox 100 477 1386 544; baseline 0.004 -7"><span class='ocrx_word' id='word_1_11' title='bbox 100 477 183 538; x_wconf 85' lang='lat' dir='ltr'>nihil</span> <span class='ocrx_word' id='word_1_12' title='bbox 205 477 270 539; x_wconf 83' lang='lat' dir='ltr'>fere</span> <span class='ocrx_word' id='word_1_13' title='bbox 293 478 355 539; x_wconf 91' lang='lat' dir='ltr'>uisi</span> <span class='ocrx_word' id='word_1_14' title='bbox 379 479 555 540; x_wconf 81' lang='lat' dir='ltr'>versionem</span> <span class='ocrx_word' id='word_1_15' title='bbox 580 479 711 544; x_wconf 87' lang='lat' dir='ltr'>curabat</span> <span class='ocrx_word' id='word_1_16' title='bbox 735 487 819 542; x_wconf 90' lang='lat' dir='ltr'>aetas</span> <span class='ocrx_word' id='word_1_17' title='bbox 842 480 977 543; x_wconf 89' lang='lat' dir='ltr'>indocta.</span> <span class='ocrx_word' id='word_1_18' title='bbox 1025 480 1181 542; x_wconf 82' lang='lat' dir='ltr'>Paulatim</span> <span class='ocrx_word' id='word_1_19' title='bbox 1213 486 1316 542; x_wconf 84' lang='lat' dir='ltr'>auteur</span> <span class='ocrx_word' id='word_1_20' title='bbox 1342 485 1386 542; x_wconf 86' lang='lat' dir='ltr'>at-</span> 
     </span>
     <span class='ocr_line' id='line_1_4' title="bbox 101 583 1386 666; baseline 0.002 -21"><span class='ocrx_word' id='word_1_21' title='bbox 101 602 164 665; x_wconf 92' lang='lat' dir='ltr'>que</span> <span class='ocrx_word' id='word_1_22' title='bbox 180 583 400 666; x_wconf 91' lang='lat' dir='ltr'>complurium,</span> <span class='ocrx_word' id='word_1_23' title='bbox 424 604 485 647; x_wconf 95' lang='lat' dir='ltr'>non</span> <span class='ocrx_word' id='word_1_24' title='bbox 506 587 601 647; x_wconf 92' lang='lat' dir='ltr'>unius</span> <span class='ocrx_word' id='word_1_25' title='bbox 621 585 758 648; x_wconf 90' lang='lat' dir='ltr'>hominis</span> <span class='ocrx_word' id='word_1_26' title='bbox 780 585 942 649; x_wconf 84' lang='lat' dir='ltr'>laboribus</span> <span class='ocrx_word' id='word_1_27' title='bbox 957 588 1084 650; x_wconf 82' lang='lat' dir='ltr'>videtur</span> <span class='ocrx_word' id='word_1_28' title='bbox 1105 588 1300 649; x_wconf 85' lang='lat' dir='ltr'>decurtatum</span> <span class='ocrx_word' id='word_1_29' title='bbox 1318 605 1386 649; x_wconf 92' lang='lat' dir='ltr'>esse</span> 
     </span>
     <span class='ocr_line' id='line_1_5' title="bbox 100 692 1384 777; baseline 0.003 -25"><span class='ocrx_word' id='word_1_30' title='bbox 100 692 244 764; x_wconf 85' lang='lat' dir='ltr'>lexicon,</span> <span class='ocrx_word' id='word_1_31' title='bbox 275 692 358 773; x_wconf 91' lang='lat' dir='ltr'>quod</span> <span class='ocrx_word' id='word_1_32' title='bbox 388 695 517 754; x_wconf 92' lang='lat' dir='ltr'>omnino</span> <span class='ocrx_word' id='word_1_33' title='bbox 541 713 700 776; x_wconf 86' lang='lat' dir='ltr'>nusquam</span> <span class='ocrx_word' id='word_1_34' title='bbox 724 694 825 757; x_wconf 92' lang='lat' dir='ltr'>elucet</span> <span class='ocrx_word' id='word_1_35' title='bbox 853 697 932 757; x_wconf 89' lang='lat' dir='ltr'>ratio</span> <span class='ocrx_word' id='word_1_36' title='bbox 958 695 1082 758; x_wconf 90' lang='lat' dir='ltr'>stabilis</span> <span class='ocrx_word' id='word_1_37' title='bbox 1112 703 1206 777; x_wconf 86' lang='lat' dir='ltr'>atque</span> <span class='ocrx_word' id='word_1_38' title='bbox 1233 695 1325 756; x_wconf 89' lang='lat' dir='ltr'>lirma</span> <span class='ocrx_word' id='word_1_39' title='bbox 1352 697 1384 756; x_wconf 92' lang='lat' dir='ltr'>in</span> 
     </span>
     <span class='ocr_line' id='line_1_6' title="bbox 100 797 1386 884; baseline 0.003 -25"><span class='ocrx_word' id='word_1_40' title='bbox 100 799 308 880; x_wconf 90' lang='lat' dir='ltr'>epitomand0.</span> <span class='ocrx_word' id='word_1_41' title='bbox 363 797 423 861; x_wconf 82' lang='lat' dir='ltr'>Sed</span> <span class='ocrx_word' id='word_1_42' title='bbox 458 818 492 861; x_wconf 91' lang='lat' dir='ltr'>re</span> <span class='ocrx_word' id='word_1_43' title='bbox 526 819 600 862; x_wconf 84' lang='lat' dir='ltr'>vera</span> <span class='ocrx_word' id='word_1_44' title='bbox 634 801 757 862; x_wconf 76' lang='lat' dir='ltr'>lexicon</span> <span class='ocrx_word' id='word_1_45' title='bbox 791 821 855 863; x_wconf 91' lang='lat' dir='ltr'>uon</span> <span class='ocrx_word' id='word_1_46' title='bbox 888 803 1059 884; x_wconf 84' lang='lat' dir='ltr'>integrum,</span> <span class='ocrx_word' id='word_1_47' title='bbox 1092 802 1145 863; x_wconf 92' lang='lat' dir='ltr'>sed</span> <span class='ocrx_word' id='word_1_48' title='bbox 1174 800 1213 863; x_wconf 88' lang='lat' dir='ltr'>ab</span> <span class='ocrx_word' id='word_1_49' title='bbox 1237 804 1386 884; x_wconf 86' lang='lat' dir='ltr'>epitoma-</span> 
     </span>
     <span class='ocr_line' id='line_1_7' title="bbox 100 904 1385 991; baseline 0.003 -25"><span class='ocrx_word' id='word_1_50' title='bbox 100 904 222 967; x_wconf 87' lang='lat' dir='ltr'>toribus</span> <span class='ocrx_word' id='word_1_51' title='bbox 251 906 342 968; x_wconf 90' lang='lat' dir='ltr'>valde</span> <span class='ocrx_word' id='word_1_52' title='bbox 365 912 560 969; x_wconf 89' lang='lat' dir='ltr'>contractum</span> <span class='ocrx_word' id='word_1_53' title='bbox 584 911 716 969; x_wconf 90' lang='lat' dir='ltr'>aetatem</span> <span class='ocrx_word' id='word_1_54' title='bbox 744 908 854 970; x_wconf 89' lang='lat' dir='ltr'>tulisse</span> <span class='ocrx_word' id='word_1_55' title='bbox 882 927 975 970; x_wconf 92' lang='lat' dir='ltr'>nemo</span> <span class='ocrx_word' id='word_1_56' title='bbox 1002 907 1067 972; x_wconf 89' lang='lat' dir='ltr'>fere</span> <span class='ocrx_word' id='word_1_57' title='bbox 1097 908 1259 991; x_wconf 84' lang='lat' dir='ltr'>negavit.*)</span> <span class='ocrx_word' id='word_1_58' title='bbox 1307 905 1385 982; x_wconf 82' lang='lat' dir='ltr'>Quis</span> 
     </span>
     <span class='ocr_line' id='line_1_8' title="bbox 100 1011 1381 1097; baseline 0.002 -24"><span class='ocrx_word' id='word_1_59' title='bbox 100 1013 189 1074; x_wconf 92' lang='lat' dir='ltr'>enim</span> <span class='ocrx_word' id='word_1_60' title='bbox 217 1011 278 1074; x_wconf 90' lang='lat' dir='ltr'>sibi</span> <span class='ocrx_word' id='word_1_61' title='bbox 300 1013 487 1095; x_wconf 89' lang='lat' dir='ltr'>persuadeat</span> <span class='ocrx_word' id='word_1_62' title='bbox 510 1012 548 1074; x_wconf 93' lang='lat' dir='ltr'>ab</span> <span class='ocrx_word' id='word_1_63' title='bbox 572 1013 741 1095; x_wconf 90' lang='lat' dir='ltr'>Apollonio</span> <span class='ocrx_word' id='word_1_64' title='bbox 764 1015 832 1097; x_wconf 89' lang='lat' dir='ltr'>ipso</span> <span class='ocrx_word' id='word_1_65' title='bbox 856 1014 1033 1077; x_wconf 89' lang='lat' dir='ltr'>redundare</span> <span class='ocrx_word' id='word_1_66' title='bbox 1057 1015 1217 1077; x_wconf 86' lang='lat' dir='ltr'>dissonam</span> <span class='ocrx_word' id='word_1_67' title='bbox 1240 1020 1381 1076; x_wconf 88' lang='lat' dir='ltr'>nostram</span> 
     </span>
     <span class='ocr_line' id='line_1_9' title="bbox 99 1119 1376 1204; baseline 0.002 -25"><span class='ocrx_word' id='word_1_68' title='bbox 99 1119 196 1180; x_wconf 90' lang='lat' dir='ltr'>lexici</span> <span class='ocrx_word' id='word_1_69' title='bbox 219 1119 360 1192; x_wconf 90' lang='lat' dir='ltr'>formam,</span> <span class='ocrx_word' id='word_1_70' title='bbox 386 1119 440 1181; x_wconf 93' lang='lat' dir='ltr'>ubi</span> <span class='ocrx_word' id='word_1_71' title='bbox 464 1121 565 1202; x_wconf 88' lang='lat' dir='ltr'>capita</span> <span class='ocrx_word' id='word_1_72' title='bbox 581 1119 681 1183; x_wconf 90' lang='lat' dir='ltr'>bonae</span> <span class='ocrx_word' id='word_1_73' title='bbox 704 1121 803 1204; x_wconf 84' lang='lat' dir='ltr'>frugis</span> <span class='ocrx_word' id='word_1_74' title='bbox 819 1121 914 1204; x_wconf 88' lang='lat' dir='ltr'>plena</span> <span class='ocrx_word' id='word_1_75' title='bbox 937 1125 1002 1182; x_wconf 89' lang='lat' dir='ltr'>tam</span> <span class='ocrx_word' id='word_1_76' title='bbox 1018 1139 1112 1204; x_wconf 87' lang='lat' dir='ltr'>saepe</span> <span class='ocrx_word' id='word_1_77' title='bbox 1129 1122 1265 1204; x_wconf 91' lang='lat' dir='ltr'>excipiat</span> <span class='ocrx_word' id='word_1_78' title='bbox 1280 1121 1376 1183; x_wconf 89' lang='lat' dir='ltr'>series</span> 
     </span>
     <span class='ocr_line' id='line_1_10' title="bbox 100 1227 1385 1313; baseline 0.005 -26"><span class='ocrx_word' id='word_1_79' title='bbox 100 1245 260 1288; x_wconf 82' lang='lat' dir='ltr'>morarum</span> <span class='ocrx_word' id='word_1_80' title='bbox 283 1227 542 1310; x_wconf 79' lang='lat' dir='ltr'>metaphraseon?</span> <span class='ocrx_word' id='word_1_81' title='bbox 607 1227 685 1303; x_wconf 78' lang='lat' dir='ltr'>Quis</span> <span class='ocrx_word' id='word_1_82' title='bbox 710 1229 916 1312; x_wconf 89' lang='lat' dir='ltr'>Apollonium</span> <span class='ocrx_word' id='word_1_83' title='bbox 939 1229 1113 1291; x_wconf 90' lang='lat' dir='ltr'>multorum</span> <span class='ocrx_word' id='word_1_84' title='bbox 1136 1228 1167 1294; x_wconf 80' lang='grc' dir='ltr'>οἱ</span> <span class='ocrx_word' id='word_1_85' title='bbox 1189 1231 1255 1313; x_wconf 67' lang='grc' dir='ltr'>μὲν,</span> <span class='ocrx_word' id='word_1_86' title='bbox 1279 1227 1311 1294; x_wconf 82' lang='grc' dir='ltr'>οἱ</span> <span class='ocrx_word' id='word_1_87' title='bbox 1335 1230 1385 1307; x_wconf 73' lang='grc' dir='ltr'>δὲ,</span> 
     </span>
     <span class='ocr_line' id='line_1_11' title="bbox 101 1334 1386 1419; baseline -0.004 -19"><span class='ocrx_word' id='word_1_88' title='bbox 101 1335 195 1418; x_wconf 78' lang='grc' dir='ltr'><em>ἔνιοι,</em></span> <span class='ocrx_word' id='word_1_89' title='bbox 219 1335 337 1413; x_wconf 78' lang='grc' dir='ltr'>τινὲς*)</span> <span class='ocrx_word' id='word_1_90' title='bbox 356 1355 436 1417; x_wconf 87' lang='lat' dir='ltr'>quae</span> <span class='ocrx_word' id='word_1_91' title='bbox 452 1337 529 1398; x_wconf 89' lang='lat' dir='ltr'>alias</span> <span class='ocrx_word' id='word_1_92' title='bbox 546 1335 664 1419; x_wconf 89' lang='lat' dir='ltr'>ubique</span> <span class='ocrx_word' id='word_1_93' title='bbox 679 1338 713 1399; x_wconf 93' lang='lat' dir='ltr'>in</span> <span class='ocrx_word' id='word_1_94' title='bbox 729 1337 859 1399; x_wconf 87' lang='lat' dir='ltr'>historia</span> <span class='ocrx_word' id='word_1_95' title='bbox 881 1337 1159 1418; x_wconf 86' lang='lat' dir='ltr'>grammaticorum</span> <span class='ocrx_word' id='word_1_96' title='bbox 1186 1334 1386 1399; x_wconf 84' lang='lat' dir='ltr'>versantibus</span> 
     </span>
     <span class='ocr_line' id='line_1_12' title="bbox 100 1431 1383 1527; baseline 0 -23"><span class='ocrx_word' id='word_1_97' title='bbox 100 1443 275 1505; x_wconf 88' lang='lat' dir='ltr'>certissima</span> <span class='ocrx_word' id='word_1_98' title='bbox 302 1431 377 1505; x_wconf 91' lang='lat' dir='ltr'>sunt</span> <span class='ocrx_word' id='word_1_99' title='bbox 400 1464 514 1506; x_wconf 91' lang='lat' dir='ltr'>manus</span> <span class='ocrx_word' id='word_1_100' title='bbox 542 1446 756 1527; x_wconf 84' lang='lat' dir='ltr'>epitomatoris</span> <span class='ocrx_word' id='word_1_101' title='bbox 779 1444 909 1524; x_wconf 88' lang='lat' dir='ltr'>indicia,</span> <span class='ocrx_word' id='word_1_102' title='bbox 942 1449 1101 1506; x_wconf 84' lang='lat' dir='ltr'>auctorem</span> <span class='ocrx_word' id='word_1_103' title='bbox 1124 1462 1193 1506; x_wconf 90' lang='lat' dir='ltr'>esse</span> <span class='ocrx_word' id='word_1_104' title='bbox 1217 1443 1383 1526; x_wconf 81' lang='lat' dir='ltr'>opinetur?</span> 
     </span>
     <span class='ocr_line' id='line_1_13' title="bbox 100 1549 1387 1634; baseline 0 -22"><span class='ocrx_word' id='word_1_105' title='bbox 100 1549 318 1614; x_wconf 89' lang='lat' dir='ltr'>Nihilominus</span> <span class='ocrx_word' id='word_1_106' title='bbox 344 1552 427 1634; x_wconf 93' lang='lat' dir='ltr'>quod</span> <span class='ocrx_word' id='word_1_107' title='bbox 452 1558 675 1634; x_wconf 81' lang='lat' dir='ltr'>argumentum</span> <span class='ocrx_word' id='word_1_108' title='bbox 699 1552 794 1615; x_wconf 89' lang='lat' dir='ltr'>huius</span> <span class='ocrx_word' id='word_1_109' title='bbox 817 1553 864 1616; x_wconf 87' lang='lat' dir='ltr'>rei</span> <span class='ocrx_word' id='word_1_110' title='bbox 888 1551 1178 1634; x_wconf 89' lang='lat' dir='ltr'>splendidissimum</span> <span class='ocrx_word' id='word_1_111' title='bbox 1195 1551 1274 1613; x_wconf 92' lang='lat' dir='ltr'>solet</span> <span class='ocrx_word' id='word_1_112' title='bbox 1284 1550 1387 1612; x_wconf 88' lang='lat' dir='ltr'>afferri</span> 
     </span>
     <span class='ocr_line' id='line_1_14' title="bbox 102 1656 1388 1745; baseline -0.002 -25"><span class='ocrx_word' id='word_1_113' title='bbox 102 1695 141 1704; x_wconf 92' lang='lat'>-</span> <span class='ocrx_word' id='word_1_114' title='bbox 169 1657 254 1740; x_wconf 92' lang='lat' dir='ltr'>quod</span> <span class='ocrx_word' id='word_1_115' title='bbox 277 1677 321 1730; x_wconf 88' lang='lat' dir='ltr'>ea,</span> <span class='ocrx_word' id='word_1_116' title='bbox 346 1676 426 1740; x_wconf 92' lang='lat' dir='ltr'>quae</span> <span class='ocrx_word' id='word_1_117' title='bbox 449 1656 496 1720; x_wconf 79' lang='lat' dir='ltr'>Et.</span> <span class='ocrx_word' id='word_1_118' title='bbox 521 1657 562 1722; x_wconf 87' lang='lat' dir='ltr'>M.</span> <span class='ocrx_word' id='word_1_119' title='bbox 586 1679 616 1720; x_wconf 84' lang='lat' dir='ltr'>v.</span> <span class='ocrx_word' id='word_1_120' title='bbox 640 1656 751 1745; x_wconf 77' lang='grc' dir='ltr'><em>αἰζηός</em></span> <span class='ocrx_word' id='word_1_121' title='bbox 774 1658 884 1720; x_wconf 88' lang='lat' dir='ltr'>tribuit</span> <span class='ocrx_word' id='word_1_122' title='bbox 900 1658 1078 1741; x_wconf 92' lang='lat' dir='ltr'>Apollonio,</span> <span class='ocrx_word' id='word_1_123' title='bbox 1103 1677 1166 1719; x_wconf 91' lang='lat' dir='ltr'>non</span> <span class='ocrx_word' id='word_1_124' title='bbox 1189 1658 1388 1739; x_wconf 82' lang='lat' dir='ltr'>reperiuntur</span> 
     </span>
     <span class='ocr_line' id='line_1_15' title="bbox 98 1761 1386 1847; baseline -0.002 -19"><span class='ocrx_word' id='word_1_125' title='bbox 98 1767 136 1828; x_wconf 91' lang='lat' dir='ltr'>in</span> <span class='ocrx_word' id='word_1_126' title='bbox 162 1765 265 1827; x_wconf 80' lang='lat' dir='ltr'>lexico</span> <span class='ocrx_word' id='word_1_127' title='bbox 293 1764 395 1846; x_wconf 93' lang='lat' dir='ltr'>Apoll.</span> <span class='ocrx_word' id='word_1_128' title='bbox 425 1801 467 1808; x_wconf 80' lang='lat'>—</span> <span class='ocrx_word' id='word_1_129' title='bbox 496 1764 659 1827; x_wconf 92' lang='lat' dir='ltr'>infirmum</span> <span class='ocrx_word' id='word_1_130' title='bbox 687 1770 746 1845; x_wconf 85' lang='lat' dir='ltr'>est,</span> <span class='ocrx_word' id='word_1_131' title='bbox 782 1765 932 1847; x_wconf 90' lang='lat' dir='ltr'>quoniam</span> <span class='ocrx_word' id='word_1_132' title='bbox 957 1784 998 1828; x_wconf 86' lang='lat' dir='ltr'>ex</span> <span class='ocrx_word' id='word_1_133' title='bbox 1022 1763 1082 1826; x_wconf 91' lang='lat' dir='ltr'>alio</span> <span class='ocrx_word' id='word_1_134' title='bbox 1107 1761 1247 1846; x_wconf 92' lang='lat' dir='ltr'>quolibet</span> <span class='ocrx_word' id='word_1_135' title='bbox 1270 1764 1386 1845; x_wconf 90' lang='lat' dir='ltr'>scripto</span> 
     </span>
     <span class='ocr_line' id='line_1_16' title="bbox 98 1865 1388 1956; baseline -0.005 -20"><span class='ocrx_word' id='word_1_136' title='bbox 98 1873 263 1956; x_wconf 90' lang='lat' dir='ltr'>Apollonii</span> <span class='ocrx_word' id='word_1_137' title='bbox 293 1873 417 1933; x_wconf 85' lang='lat' dir='ltr'>haurire</span> <span class='ocrx_word' id='word_1_138' title='bbox 450 1872 552 1953; x_wconf 93' lang='lat' dir='ltr'>potuit</span> <span class='ocrx_word' id='word_1_139' title='bbox 584 1871 631 1934; x_wconf 82' lang='lat' dir='ltr'>Et.</span> <span class='ocrx_word' id='word_1_140' title='bbox 660 1870 702 1933; x_wconf 87' lang='lat' dir='ltr'>M.</span> <span class='ocrx_word' id='word_1_141' title='bbox 737 1871 964 1934; x_wconf 86' lang='lat' dir='ltr'>Verumtamen</span> <span class='ocrx_word' id='word_1_142' title='bbox 988 1872 1020 1933; x_wconf 94' lang='lat' dir='ltr'>in</span> <span class='ocrx_word' id='word_1_143' title='bbox 1053 1865 1155 1932; x_wconf 84' lang='lat' dir='ltr'>lexico</span> <span class='ocrx_word' id='word_1_144' title='bbox 1184 1870 1252 1952; x_wconf 92' lang='lat' dir='ltr'>ipso</span> <span class='ocrx_word' id='word_1_145' title='bbox 1285 1874 1388 1931; x_wconf 87' lang='lat' dir='ltr'>exstat</span> 
     </span>
     <span class='ocr_line' id='line_1_17' title="bbox 98 1971 1388 2062; baseline 0.003 -22"><span class='ocrx_word' id='word_1_146' title='bbox 98 1980 304 2062; x_wconf 91' lang='lat' dir='ltr'>perspicuum</span> <span class='ocrx_word' id='word_1_147' title='bbox 349 1978 526 2060; x_wconf 83' lang='lat' dir='ltr'>vestigium.</span> <span class='ocrx_word' id='word_1_148' title='bbox 570 1978 606 2040; x_wconf 91' lang='lat' dir='ltr'>cf.</span> <span class='ocrx_word' id='word_1_149' title='bbox 634 1978 706 2049; x_wconf 83' lang='lat'>149,</span> <span class='ocrx_word' id='word_1_150' title='bbox 734 1979 782 2040; x_wconf 89' lang='grc'>13.</span> <span class='ocrx_word' id='word_1_151' title='bbox 815 1971 924 2061; x_wconf 75' lang='grc' dir='ltr'><em>ὥσπερ</em></span> <span class='ocrx_word' id='word_1_152' title='bbox 970 1977 1023 2043; x_wconf 80' lang='grc' dir='ltr'>ἐπὶ</span> <span class='ocrx_word' id='word_1_153' title='bbox 1055 1979 1114 2061; x_wconf 73' lang='grc' dir='ltr'>μὲν</span> <span class='ocrx_word' id='word_1_154' title='bbox 1141 1985 1203 2043; x_wconf 80' lang='grc' dir='ltr'>τοῦ</span> <span class='ocrx_word' id='word_1_155' title='bbox 1236 1972 1388 2059; x_wconf 73' lang='lat' dir='ltr'>„addicta</span> 
     </span>
     <span class='ocr_line' id='line_1_18' title="bbox 97 2078 1390 2171; baseline -0.001 -20"><span class='ocrx_word' id='word_1_156' title='bbox 97 2088 227 2171; x_wconf 80' lang='grc' dir='ltr'><em>μέγιστε</em></span> <span class='ocrx_word' id='word_1_157' title='bbox 254 2081 458 2166; x_wconf 48' lang='lat' dir='ltr'>asternunt&amp;</span> <span class='ocrx_word' id='word_1_158' title='bbox 494 2081 654 2151; x_wconf 65' lang='lat' dir='ltr'>condam</span> <span class='ocrx_word' id='word_1_159' title='bbox 688 2079 945 2168; x_wconf 76' lang='grc' dir='ltr'>ἀποδεδώκαμεν</span> <span class='ocrx_word' id='word_1_160' title='bbox 972 2079 1011 2149; x_wconf 74' lang='lat' dir='ltr'>ud</span> <span class='ocrx_word' id='word_1_161' title='bbox 1034 2078 1153 2168; x_wconf 78' lang='grc' dir='ltr'><em>ὄνομα,</em></span> <span class='ocrx_word' id='word_1_162' title='bbox 1185 2083 1239 2148; x_wconf 80' lang='grc' dir='ltr'>ἐπὶ</span> <span class='ocrx_word' id='word_1_163' title='bbox 1264 2085 1300 2148; x_wconf 80' lang='grc' dir='ltr'>δὲ</span> <span class='ocrx_word' id='word_1_164' title='bbox 1328 2089 1390 2150; x_wconf 84' lang='grc' dir='ltr'>τοῦ</span> 
     </span>
     <span class='ocr_line' id='line_1_19' title="bbox 98 2185 1387 2276; baseline -0.005 -20"><span class='ocrx_word' id='word_1_165' title='bbox 98 2191 306 2274; x_wconf 59' lang='lat' dir='ltr'>„namtasque</span> <span class='ocrx_word' id='word_1_166' title='bbox 333 2185 431 2274; x_wconf 71' lang='grc' dir='ltr'>αἷμαιι</span> <span class='ocrx_word' id='word_1_167' title='bbox 471 2187 674 2276; x_wconf 77' lang='grc' dir='ltr'><em>παραγωγόα</em></span> <span class='ocrx_word' id='word_1_168' title='bbox 742 2189 873 2252; x_wconf 81' lang='lat' dir='ltr'>Frustra</span> <span class='ocrx_word' id='word_1_169' title='bbox 905 2190 990 2250; x_wconf 90' lang='lat' dir='ltr'>enim</span> <span class='ocrx_word' id='word_1_170' title='bbox 1024 2190 1218 2271; x_wconf 81' lang='lat' dir='ltr'>quaerimus,</span> <span class='ocrx_word' id='word_1_171' title='bbox 1256 2187 1387 2250; x_wconf 90' lang='lat' dir='ltr'>ubinam</span> 
     </span>
     <span class='ocr_line' id='line_1_20' title="bbox 99 2297 549 2380; baseline -0.007 -19"><span class='ocrx_word' id='word_1_172' title='bbox 99 2299 160 2361; x_wconf 91' lang='lat' dir='ltr'>hoc</span> <span class='ocrx_word' id='word_1_173' title='bbox 183 2298 324 2361; x_wconf 85' lang='lat' dir='ltr'>docuerit</span> <span class='ocrx_word' id='word_1_174' title='bbox 346 2297 549 2380; x_wconf 89' lang='lat' dir='ltr'>Apollonius!</span> 
     </span>
    </p>

    <p class='ocr_par' dir='ltr' id='par_1_3' title="bbox 101 2403 1391 3989">
     <span class='ocr_line' id='line_1_21' title="bbox 208 2403 1386 2487; baseline -0.001 -20"><span class='ocrx_word' id='word_1_175' title='bbox 208 2404 502 2469; x_wconf 90' lang='lat' dir='ltr'>Praeclarissimum</span> <span class='ocrx_word' id='word_1_176' title='bbox 537 2410 642 2468; x_wconf 90' lang='lat' dir='ltr'>autem</span> <span class='ocrx_word' id='word_1_177' title='bbox 675 2405 832 2468; x_wconf 86' lang='lat' dir='ltr'>auxilium</span> <span class='ocrx_word' id='word_1_178' title='bbox 868 2405 908 2469; x_wconf 90' lang='lat' dir='ltr'>ad</span> <span class='ocrx_word' id='word_1_179' title='bbox 937 2404 1109 2487; x_wconf 85' lang='lat' dir='ltr'>genuinam</span> <span class='ocrx_word' id='word_1_180' title='bbox 1136 2403 1231 2466; x_wconf 87' lang='lat' dir='ltr'>lexici</span> <span class='ocrx_word' id='word_1_181' title='bbox 1254 2403 1386 2466; x_wconf 89' lang='lat' dir='ltr'>formam</span> 
     </span>
     <span class='ocr_line' id='line_1_22' title="bbox 101 2511 1387 2596; baseline -0.002 -22"><span class='ocrx_word' id='word_1_182' title='bbox 101 2531 166 2575; x_wconf 92' lang='lat' dir='ltr'>non</span> <span class='ocrx_word' id='word_1_183' title='bbox 189 2511 284 2574; x_wconf 92' lang='lat' dir='ltr'>modo</span> <span class='ocrx_word' id='word_1_184' title='bbox 308 2512 539 2596; x_wconf 80' lang='lat' dir='ltr'>suspicandum,</span> <span class='ocrx_word' id='word_1_185' title='bbox 565 2511 619 2575; x_wconf 90' lang='lat' dir='ltr'>sed</span> <span class='ocrx_word' id='word_1_186' title='bbox 638 2512 798 2574; x_wconf 90' lang='lat' dir='ltr'>interdum</span> <span class='ocrx_word' id='word_1_187' title='bbox 814 2513 908 2575; x_wconf 90' lang='lat' dir='ltr'>etiam</span> <span class='ocrx_word' id='word_1_188' title='bbox 925 2512 1151 2574; x_wconf 88' lang='lat' dir='ltr'>restituendam</span> <span class='ocrx_word' id='word_1_189' title='bbox 1168 2511 1272 2574; x_wconf 88' lang='lat' dir='ltr'>ferunt</span> <span class='ocrx_word' id='word_1_190' title='bbox 1295 2511 1387 2573; x_wconf 92' lang='lat' dir='ltr'>nobis</span> 
     </span>
     <span class='ocr_line' id='line_1_23' title="bbox 102 2617 1388 2700; baseline 0 -20"><span class='ocrx_word' id='word_1_191' title='bbox 102 2617 151 2681; x_wconf 81' lang='lat' dir='ltr'>m.</span> <span class='ocrx_word' id='word_1_192' title='bbox 175 2617 228 2699; x_wconf 83' lang='lat' dir='ltr'>M,</span> <span class='ocrx_word' id='word_1_193' title='bbox 251 2617 391 2692; x_wconf 89' lang='lat' dir='ltr'>Photius,</span> <span class='ocrx_word' id='word_1_194' title='bbox 420 2618 608 2699; x_wconf 86' lang='lat' dir='ltr'>Hesychius,</span> <span class='ocrx_word' id='word_1_195' title='bbox 632 2619 828 2696; x_wconf 85' lang='lat' dir='ltr'>scholiastae,</span> <span class='ocrx_word' id='word_1_196' title='bbox 855 2619 922 2699; x_wconf 90' lang='lat' dir='ltr'>alii,</span> <span class='ocrx_word' id='word_1_197' title='bbox 946 2617 1062 2700; x_wconf 92' lang='lat' dir='ltr'>quibus</span> <span class='ocrx_word' id='word_1_198' title='bbox 1085 2618 1210 2680; x_wconf 91' lang='lat' dir='ltr'>lexicon</span> <span class='ocrx_word' id='word_1_199' title='bbox 1234 2619 1388 2700; x_wconf 85' lang='lat' dir='ltr'>integrius</span> 
     </span>
     <span class='ocr_line' id='line_1_24' title="bbox 103 2725 1388 2809; baseline -0.001 -21"><span class='ocrx_word' id='word_1_200' title='bbox 103 2745 200 2808; x_wconf 85' lang='lat' dir='ltr'>quam</span> <span class='ocrx_word' id='word_1_201' title='bbox 224 2725 314 2788; x_wconf 90' lang='lat' dir='ltr'>nobis</span> <span class='ocrx_word' id='word_1_202' title='bbox 338 2732 460 2809; x_wconf 87' lang='lat' dir='ltr'>praesto</span> <span class='ocrx_word' id='word_1_203' title='bbox 483 2726 550 2788; x_wconf 90' lang='lat' dir='ltr'>fuit.</span> <span class='ocrx_word' id='word_1_204' title='bbox 576 2726 681 2808; x_wconf 85' lang='lat' dir='ltr'>Atque</span> <span class='ocrx_word' id='word_1_205' title='bbox 705 2727 743 2788; x_wconf 93' lang='lat' dir='ltr'>de</span> <span class='ocrx_word' id='word_1_206' title='bbox 759 2725 808 2788; x_wconf 82' lang='lat' dir='ltr'>Et.</span> <span class='ocrx_word' id='word_1_207' title='bbox 827 2725 869 2791; x_wconf 90' lang='lat' dir='ltr'>M.</span> <span class='ocrx_word' id='word_1_208' title='bbox 894 2726 1009 2788; x_wconf 89' lang='lat' dir='ltr'>diserte</span> <span class='ocrx_word' id='word_1_209' title='bbox 1033 2726 1092 2788; x_wconf 88' lang='lat' dir='ltr'>hoc</span> <span class='ocrx_word' id='word_1_210' title='bbox 1109 2727 1215 2788; x_wconf 91' lang='lat' dir='ltr'>docuit</span> <span class='ocrx_word' id='word_1_211' title='bbox 1231 2725 1388 2806; x_wconf 89' lang='lat' dir='ltr'>Lehrsius,</span> 
     </span>
     <span class='ocr_line' id='line_1_25' title="bbox 102 2831 1387 2915; baseline 0 -21"><span class='ocrx_word' id='word_1_212' title='bbox 102 2850 175 2895; x_wconf 90' lang='lat' dir='ltr'>cum</span> <span class='ocrx_word' id='word_1_213' title='bbox 200 2832 238 2894; x_wconf 93' lang='lat' dir='ltr'>de</span> <span class='ocrx_word' id='word_1_214' title='bbox 261 2831 421 2912; x_wconf 89' lang='lat' dir='ltr'>Hesychic</span> <span class='ocrx_word' id='word_1_215' title='bbox 455 2832 618 2907; x_wconf 84' lang='lat' dir='ltr'>dubitaret,</span> <span class='ocrx_word' id='word_1_216' title='bbox 655 2839 788 2914; x_wconf 76' lang='lat' dir='ltr'>quaesit,</span> <span class='ocrx_word' id='word_1_217' title='bbox 821 2852 887 2915; x_wconf 88' lang='lat' dir='ltr'>epp.</span> <span class='ocrx_word' id='word_1_218' title='bbox 907 2853 935 2915; x_wconf 92' lang='lat' dir='ltr'>p.</span> <span class='ocrx_word' id='word_1_219' title='bbox 967 2834 1023 2894; x_wconf 87' lang='lat'>33:</span> <span class='ocrx_word' id='word_1_220' title='bbox 1057 2832 1154 2913; x_wconf 66' lang='lat' dir='ltr'>„llius</span> <span class='ocrx_word' id='word_1_221' title='bbox 1179 2836 1232 2912; x_wconf 88' lang='lat' dir='ltr'>(sc.</span> <span class='ocrx_word' id='word_1_222' title='bbox 1244 2833 1387 2914; x_wconf 90' lang='lat' dir='ltr'>Apionis)</span> 
     </span>
     <span class='ocr_line' id='line_1_26' title="bbox 102 2938 1388 3026; baseline -0.004 -19"><span class='ocrx_word' id='word_1_223' title='bbox 102 2946 242 3024; x_wconf 76' lang='grc' dir='ltr'><em>γλῶσσαι</em></span> <span class='ocrx_word' id='word_1_224' title='bbox 267 2939 430 3026; x_wconf 78' lang='grc' dir='ltr'><em>Ὁμηρικοὶ</em></span> <span class='ocrx_word' id='word_1_225' title='bbox 455 2938 538 3007; x_wconf 71' lang='grc' dir='ltr'><em>κατα</em></span> <span class='ocrx_word' id='word_1_226' title='bbox 555 2955 713 3024; x_wconf 74' lang='grc' dir='ltr'><em>στοιχεῖον</em></span> <span class='ocrx_word' id='word_1_227' title='bbox 729 2939 919 3020; x_wconf 83' lang='lat' dir='ltr'>(Hesychius</span> <span class='ocrx_word' id='word_1_228' title='bbox 932 2960 977 3023; x_wconf 91' lang='lat' dir='ltr'>ep.</span> <span class='ocrx_word' id='word_1_229' title='bbox 989 2941 1028 3002; x_wconf 86' lang='lat' dir='ltr'>ad</span> <span class='ocrx_word' id='word_1_230' title='bbox 1040 2940 1150 3023; x_wconf 82' lang='lat' dir='ltr'>Eulog.</span> <span class='ocrx_word' id='word_1_231' title='bbox 1161 2942 1216 3022; x_wconf 86' lang='lat' dir='ltr'>in.)</span> <span class='ocrx_word' id='word_1_232' title='bbox 1241 2961 1388 3023; x_wconf 81' lang='lat' dir='ltr'>magnam</span> 
     </span>
     <span class='ocr_line' id='line_1_27' title="bbox 103 3048 1388 3132; baseline -0.001 -21"><span class='ocrx_word' id='word_1_233' title='bbox 103 3053 224 3132; x_wconf 87' lang='lat' dir='ltr'>partem</span> <span class='ocrx_word' id='word_1_234' title='bbox 244 3049 437 3110; x_wconf 87' lang='lat' dir='ltr'>transierunt</span> <span class='ocrx_word' id='word_1_235' title='bbox 459 3050 493 3110; x_wconf 89' lang='lat' dir='ltr'>in</span> <span class='ocrx_word' id='word_1_236' title='bbox 507 3049 668 3132; x_wconf 92' lang='lat' dir='ltr'>Apollonii</span> <span class='ocrx_word' id='word_1_237' title='bbox 690 3049 814 3113; x_wconf 88' lang='lat' dir='ltr'>lexicon</span> <span class='ocrx_word' id='word_1_238' title='bbox 825 3048 1045 3112; x_wconf 91' lang='lat' dir='ltr'>Homericum:</span> <span class='ocrx_word' id='word_1_239' title='bbox 1069 3050 1152 3120; x_wconf 88' lang='lat' dir='ltr'>hinc,</span> <span class='ocrx_word' id='word_1_240' title='bbox 1165 3056 1202 3111; x_wconf 94' lang='lat' dir='ltr'>ut</span> <span class='ocrx_word' id='word_1_241' title='bbox 1216 3048 1388 3112; x_wconf 77' lang='lat' dir='ltr'>verisimile</span> 
     </span>
     <span class='ocr_line' id='line_1_28' title="bbox 104 3153 1388 3251; baseline 0.004 -33"><span class='ocrx_word' id='word_1_242' title='bbox 104 3161 160 3237; x_wconf 89' lang='lat' dir='ltr'>est,</span> <span class='ocrx_word' id='word_1_243' title='bbox 170 3157 331 3238; x_wconf 88' lang='lat' dir='ltr'>complura</span> <span class='ocrx_word' id='word_1_244' title='bbox 347 3157 540 3218; x_wconf 88' lang='lat' dir='ltr'>transierunt</span> <span class='ocrx_word' id='word_1_245' title='bbox 555 3157 587 3218; x_wconf 93' lang='lat' dir='ltr'>in</span> <span class='ocrx_word' id='word_1_246' title='bbox 600 3155 862 3240; x_wconf 83' lang='lat' dir='ltr'>Etymologicum.</span> <span class='ocrx_word' id='word_1_247' title='bbox 899 3158 1107 3220; x_wconf 88' lang='lat' dir='ltr'>Annotatio</span> <span class='ocrx_word' id='word_1_248' title='bbox 1120 3177 1150 3226; x_wconf 87' lang='lat' dir='ltr'>v,</span> <span class='ocrx_word' id='word_1_249' title='bbox 1166 3153 1239 3224; x_wconf 81' lang='lat' dir='ltr'>dom</span> <span class='ocrx_word' id='word_1_250' title='bbox 1254 3153 1388 3251; x_wconf 69' lang='lat' dir='ltr'>xiemdc,</span> 
     </span>
     <span class='ocr_line' id='line_1_29' title="bbox 103 3258 1391 3347; baseline -0.002 -18"><span class='ocrx_word' id='word_1_251' title='bbox 103 3258 242 3347; x_wconf 78' lang='grc' dir='ltr'><strong><em>κορώνη,</em></strong></span> <span class='ocrx_word' id='word_1_252' title='bbox 267 3269 398 3338; x_wconf 78' lang='grc' dir='ltr'><em>σκῶλος.</em></span> <span class='ocrx_word' id='word_1_253' title='bbox 445 3261 532 3325; x_wconf 87' lang='lat' dir='ltr'>Haec</span> <span class='ocrx_word' id='word_1_254' title='bbox 555 3261 610 3324; x_wconf 92' lang='lat' dir='ltr'>ubi</span> <span class='ocrx_word' id='word_1_255' title='bbox 633 3263 822 3345; x_wconf 88' lang='lat' dir='ltr'>inspexeris,</span> <span class='ocrx_word' id='word_1_256' title='bbox 847 3264 886 3325; x_wconf 90' lang='lat' dir='ltr'>ad</span> <span class='ocrx_word' id='word_1_257' title='bbox 915 3265 985 3347; x_wconf 89' lang='lat' dir='ltr'>ipsa</span> <span class='ocrx_word' id='word_1_258' title='bbox 1019 3263 1117 3326; x_wconf 88' lang='lat' dir='ltr'>verba</span> <span class='ocrx_word' id='word_1_259' title='bbox 1150 3265 1320 3347; x_wconf 91' lang='lat' dir='ltr'>Apollonio</span> <span class='ocrx_word' id='word_1_260' title='bbox 1342 3283 1391 3326; x_wconf 85' lang='lat' dir='ltr'>re-</span> 
     </span>
     <span class='ocr_line' id='line_1_30' title="bbox 105 3365 1389 3456; baseline 0.006 -26"><span class='ocrx_word' id='word_1_261' title='bbox 105 3366 300 3451; x_wconf 85' lang='lat' dir='ltr'>spondentia,</span> <span class='ocrx_word' id='word_1_262' title='bbox 324 3369 380 3429; x_wconf 86' lang='lat' dir='ltr'>vix</span> <span class='ocrx_word' id='word_1_263' title='bbox 404 3367 562 3431; x_wconf 88' lang='lat' dir='ltr'>dubitabis</span> <span class='ocrx_word' id='word_1_264' title='bbox 582 3389 604 3432; x_wconf 92' lang='lat' dir='ltr'>s.</span> <span class='ocrx_word' id='word_1_265' title='bbox 621 3365 710 3452; x_wconf 73' lang='grc' dir='ltr'><strong><em>ὀπός,</em></strong></span> <span class='ocrx_word' id='word_1_266' title='bbox 734 3365 876 3450; x_wconf 73' lang='lat' dir='ltr'>auidam,</span> <span class='ocrx_word' id='word_1_267' title='bbox 900 3365 1035 3454; x_wconf 71' lang='grc' dir='ltr'><em>ὄρχατοε</em></span> <span class='ocrx_word' id='word_1_268' title='bbox 1059 3367 1187 3455; x_wconf 76' lang='grc' dir='ltr'>(ὄρχος),</span> <span class='ocrx_word' id='word_1_269' title='bbox 1211 3375 1389 3456; x_wconf 74' lang='grc' dir='ltr'><em>πείρινθος,</em></span> 
     </span>
     <span class='ocr_line' id='line_1_31' title="bbox 106 3469 1389 3560; baseline -0.002 -20"><span class='ocrx_word' id='word_1_270' title='bbox 106 3469 241 3560; x_wconf 79' lang='grc' dir='ltr'><em>ὀπωπή,</em></span> <span class='ocrx_word' id='word_1_271' title='bbox 274 3471 387 3560; x_wconf 79' lang='grc' dir='ltr'><em>κιουοή</em></span> <span class='ocrx_word' id='word_1_272' title='bbox 421 3474 470 3552; x_wconf 88' lang='lat' dir='ltr'>(of.</span> <span class='ocrx_word' id='word_1_273' title='bbox 499 3474 593 3537; x_wconf 86' lang='lat' dir='ltr'>schol.</span> <span class='ocrx_word' id='word_1_274' title='bbox 622 3475 726 3557; x_wconf 83' lang='lat' dir='ltr'>Apoll.</span> <span class='ocrx_word' id='word_1_275' title='bbox 755 3473 854 3538; x_wconf 86' lang='lat' dir='ltr'>Rhod.</span> <span class='ocrx_word' id='word_1_276' title='bbox 878 3474 907 3549; x_wconf 90' lang='grc' dir='ltr'>Ι,</span> <span class='ocrx_word' id='word_1_277' title='bbox 933 3477 1007 3556; x_wconf 80' lang='lat'>292)</span> <span class='ocrx_word' id='word_1_278' title='bbox 1041 3477 1175 3558; x_wconf 88' lang='lat' dir='ltr'>Apionis</span> <span class='ocrx_word' id='word_1_279' title='bbox 1205 3495 1320 3538; x_wconf 92' lang='lat' dir='ltr'>nomen</span> <span class='ocrx_word' id='word_1_280' title='bbox 1350 3475 1389 3538; x_wconf 93' lang='lat' dir='ltr'>ab</span> 
     </span>
     <span class='ocr_line' id='line_1_32' title="bbox 107 3580 1390 3664; baseline 0.002 -22"><span class='ocrx_word' id='word_1_281' title='bbox 107 3580 277 3663; x_wconf 91' lang='lat' dir='ltr'>Apollonio</span> <span class='ocrx_word' id='word_1_282' title='bbox 301 3587 580 3643; x_wconf 90' lang='lat' dir='ltr'>commemoratum</span> <span class='ocrx_word' id='word_1_283' title='bbox 608 3581 705 3644; x_wconf 89' lang='lat' dir='ltr'>fuisse</span> <span class='ocrx_word' id='word_1_284' title='bbox 733 3586 764 3643; x_wconf 92' lang='lat' dir='ltr'>et</span> <span class='ocrx_word' id='word_1_285' title='bbox 791 3580 829 3643; x_wconf 92' lang='lat' dir='ltr'>ab</span> <span class='ocrx_word' id='word_1_286' title='bbox 857 3581 912 3643; x_wconf 92' lang='lat' dir='ltr'>illo</span> <span class='ocrx_word' id='word_1_287' title='bbox 941 3600 977 3643; x_wconf 92' lang='lat' dir='ltr'>ea</span> <span class='ocrx_word' id='word_1_288' title='bbox 1000 3580 1139 3644; x_wconf 88' lang='lat' dir='ltr'>fluxisse.</span> <span class='ocrx_word' id='word_1_289' title='bbox 1187 3583 1268 3644; x_wconf 84' lang='lat' dir='ltr'>Sunt</span> <span class='ocrx_word' id='word_1_290' title='bbox 1290 3583 1390 3664; x_wconf 89' lang='lat' dir='ltr'>plera·</span> 
     </span>
     <span class='ocr_line' id='line_1_33' title="bbox 108 3687 1391 3772; baseline 0.001 -21"><span class='ocrx_word' id='word_1_291' title='bbox 108 3707 169 3772; x_wconf 90' lang='lat' dir='ltr'>que</span> <span class='ocrx_word' id='word_1_292' title='bbox 192 3694 256 3750; x_wconf 92' lang='lat' dir='ltr'>toto</span> <span class='ocrx_word' id='word_1_293' title='bbox 280 3688 382 3750; x_wconf 92' lang='lat' dir='ltr'>colore</span> <span class='ocrx_word' id='word_1_294' title='bbox 411 3689 629 3771; x_wconf 90' lang='lat' dir='ltr'>Apollonianis</span> <span class='ocrx_word' id='word_1_295' title='bbox 658 3689 787 3769; x_wconf 88' lang='lat' dir='ltr'>similia,</span> <span class='ocrx_word' id='word_1_296' title='bbox 816 3690 850 3750; x_wconf 92' lang='lat' dir='ltr'>in</span> <span class='ocrx_word' id='word_1_297' title='bbox 880 3687 1071 3771; x_wconf 89' lang='lat' dir='ltr'>quibusdam</span> <span class='ocrx_word' id='word_1_298' title='bbox 1096 3691 1189 3752; x_wconf 89' lang='lat' dir='ltr'>etiam</span> <span class='ocrx_word' id='word_1_299' title='bbox 1214 3709 1300 3751; x_wconf 89' lang='lat' dir='ltr'>nunc</span> <span class='ocrx_word' id='word_1_300' title='bbox 1322 3708 1391 3752; x_wconf 82' lang='lat' dir='ltr'>ver-</span> 
     </span>
     <span class='ocr_line' id='line_1_34' title="bbox 107 3795 1390 3879; baseline 0.002 -21"><span class='ocrx_word' id='word_1_301' title='bbox 107 3795 220 3860; x_wconf 89' lang='lat' dir='ltr'>borum</span> <span class='ocrx_word' id='word_1_302' title='bbox 255 3797 396 3879; x_wconf 90' lang='lat' dir='ltr'>ipsorum</span> <span class='ocrx_word' id='word_1_303' title='bbox 439 3816 611 3860; x_wconf 81' lang='lat' dir='ltr'>consensus</span> <span class='ocrx_word' id='word_1_304' title='bbox 648 3816 713 3859; x_wconf 93' lang='lat' dir='ltr'>non</span> <span class='ocrx_word' id='word_1_305' title='bbox 752 3796 877 3860; x_wconf 84' lang='lat' dir='ltr'>dubius</span> <span class='ocrx_word' id='word_1_306' title='bbox 937 3795 979 3861; x_wconf 81' lang='lat' dir='ltr'>Of.</span> <span class='ocrx_word' id='word_1_307' title='bbox 1009 3796 1248 3869; x_wconf 80' lang='lat' dir='ltr'>Cram.1292,</span> <span class='ocrx_word' id='word_1_308' title='bbox 1275 3799 1293 3860; x_wconf 88' lang='lat'><strong>3</strong></span> <span class='ocrx_word' id='word_1_309' title='bbox 1318 3816 1390 3860; x_wconf 81' lang='lat' dir='ltr'>cunr</span> 
     </span>
     <span class='ocr_line' id='line_1_35' title="bbox 110 3901 1391 3989; baseline 0.001 -24"><span class='ocrx_word' id='word_1_310' title='bbox 110 3903 279 3986; x_wconf 89' lang='lat' dir='ltr'>Apollonio</span> <span class='ocrx_word' id='word_1_311' title='bbox 304 3903 355 3986; x_wconf 82' lang='lat' dir='ltr'>(„d</span> <span class='ocrx_word' id='word_1_312' title='bbox 377 3901 496 3970; x_wconf 77' lang='grc' dir='ltr'><em>Ἀιιίωα</em></span> <span class='ocrx_word' id='word_1_313' title='bbox 519 3901 745 3989; x_wconf 58' lang='lat' dir='ltr'>rapotonem</span> <span class='ocrx_word' id='word_1_314' title='bbox 769 3909 805 3965; x_wconf 93' lang='lat' dir='ltr'>ut</span> <span class='ocrx_word' id='word_1_315' title='bbox 829 3903 931 3966; x_wconf 90' lang='lat' dir='ltr'>dicere</span> <span class='ocrx_word' id='word_1_316' title='bbox 955 3903 1034 3965; x_wconf 92' lang='lat' dir='ltr'>solet</span> <span class='ocrx_word' id='word_1_317' title='bbox 1045 3903 1255 3986; x_wconf 89' lang='lat' dir='ltr'>Apollonius).</span> <span class='ocrx_word' id='word_1_318' title='bbox 1303 3903 1391 3966; x_wconf 90' lang='lat' dir='ltr'>Idem</span> 
     </span>
    </p>
   </div>
   <div class='ocr_carea' id='block_1_3' title="bbox 110 4095 1390 4346">
    <p class='ocr_par' dir='ltr' id='par_1_4' title="bbox 110 4095 1390 4346">
     <span class='ocr_line' id='line_1_36' title="bbox 180 4095 1389 4164; baseline -0.001 -14"><span class='ocrx_word' id='word_1_319' title='bbox 180 4098 205 4163; x_wconf 77' lang='lat' dir='ltr'>*l</span> <span class='ocrx_word' id='word_1_320' title='bbox 231 4096 275 4150; x_wconf 88' lang='lat' dir='ltr'>Sic</span> <span class='ocrx_word' id='word_1_321' title='bbox 300 4096 331 4148; x_wconf 91' lang='lat' dir='ltr'>A.</span> <span class='ocrx_word' id='word_1_322' title='bbox 357 4096 568 4149; x_wconf 85' lang='lat' dir='ltr'>Luduichius</span> <span class='ocrx_word' id='word_1_323' title='bbox 597 4095 624 4147; x_wconf 91' lang='lat' dir='ltr'>in</span> <span class='ocrx_word' id='word_1_324' title='bbox 652 4097 735 4163; x_wconf 90' lang='lat' dir='ltr'>libro,</span> <span class='ocrx_word' id='word_1_325' title='bbox 769 4096 815 4162; x_wconf 91' lang='lat' dir='ltr'>qui</span> <span class='ocrx_word' id='word_1_326' title='bbox 838 4096 994 4164; x_wconf 87' lang='lat' dir='ltr'>nuperrime</span> <span class='ocrx_word' id='word_1_327' title='bbox 1013 4097 1116 4163; x_wconf 91' lang='lat' dir='ltr'>publici</span> <span class='ocrx_word' id='word_1_328' title='bbox 1135 4095 1201 4148; x_wconf 89' lang='lat' dir='ltr'>iuris</span> <span class='ocrx_word' id='word_1_329' title='bbox 1221 4095 1309 4149; x_wconf 86' lang='lat' dir='ltr'>factus</span> <span class='ocrx_word' id='word_1_330' title='bbox 1335 4109 1389 4150; x_wconf 87' lang='lat' dir='ltr'>est:</span> 
     </span>
     <span class='ocr_line' id='line_1_37' title="bbox 110 4177 1390 4254; baseline -0.001 -15"><span class='ocrx_word' id='word_1_331' title='bbox 110 4187 283 4254; x_wconf 84' lang='lat' dir='ltr'>„Aristarchs</span> <span class='ocrx_word' id='word_1_332' title='bbox 294 4187 469 4239; x_wconf 86' lang='lat' dir='ltr'>Homerische</span> <span class='ocrx_word' id='word_1_333' title='bbox 480 4184 651 4238; x_wconf 75' lang='lat' dir='ltr'>Textkritik“</span> <span class='ocrx_word' id='word_1_334' title='bbox 669 4184 686 4236; x_wconf 95' lang='lat' dir='ltr'>l.</span> <span class='ocrx_word' id='word_1_335' title='bbox 697 4203 724 4252; x_wconf 91' lang='lat' dir='ltr'>p.</span> <span class='ocrx_word' id='word_1_336' title='bbox 737 4185 769 4236; x_wconf 81' lang='lat'>75</span> <span class='ocrx_word' id='word_1_337' title='bbox 780 4185 885 4238; x_wconf 89' lang='lat' dir='ltr'>lexicon</span> <span class='ocrx_word' id='word_1_338' title='bbox 896 4192 1016 4238; x_wconf 90' lang='lat' dir='ltr'>nostrum</span> <span class='ocrx_word' id='word_1_339' title='bbox 1026 4192 1116 4238; x_wconf 87' lang='lat' dir='ltr'>vocat:</span> <span class='ocrx_word' id='word_1_340' title='bbox 1133 4186 1215 4253; x_wconf 89' lang='lat' dir='ltr'>„sehr</span> <span class='ocrx_word' id='word_1_341' title='bbox 1229 4177 1390 4239; x_wconf 86' lang='lat' dir='ltr'>verdiinnt.“</span> 
     </span>
     <span class='ocr_line' id='line_1_38' title="bbox 163 4274 1390 4346; baseline -0.002 -17"><span class='ocrx_word' id='word_1_342' title='bbox 163 4277 202 4346; x_wconf 86' lang='lat'>**)</span> <span class='ocrx_word' id='word_1_343' title='bbox 230 4275 323 4329; x_wconf 85' lang='lat' dir='ltr'>Pauca</span> <span class='ocrx_word' id='word_1_344' title='bbox 360 4277 470 4342; x_wconf 90' lang='lat' dir='ltr'>quidem</span> <span class='ocrx_word' id='word_1_345' title='bbox 499 4274 564 4327; x_wconf 75' lang='grc' dir='ltr'><em>ἔνιοι</em></span> <span class='ocrx_word' id='word_1_346' title='bbox 602 4281 652 4327; x_wconf 89' lang='lat' dir='ltr'>etc.</span> <span class='ocrx_word' id='word_1_347' title='bbox 683 4274 816 4327; x_wconf 90' lang='lat' dir='ltr'>debentur</span> <span class='ocrx_word' id='word_1_348' title='bbox 843 4275 1003 4328; x_wconf 85' lang='lat' dir='ltr'>Aristarcho</span> <span class='ocrx_word' id='word_1_349' title='bbox 1033 4275 1066 4328; x_wconf 88' lang='lat' dir='ltr'>cf.</span> <span class='ocrx_word' id='word_1_350' title='bbox 1099 4275 1269 4328; x_wconf 86' lang='lat' dir='ltr'>Luduichius</span> <span class='ocrx_word' id='word_1_351' title='bbox 1288 4275 1306 4330; x_wconf 83' lang='lat' dir='ltr'>l.</span> <span class='ocrx_word' id='word_1_352' title='bbox 1326 4275 1343 4329; x_wconf 95' lang='lat' dir='ltr'>l.</span> <span class='ocrx_word' id='word_1_353' title='bbox 1364 4292 1390 4346; x_wconf 83' lang='lat' dir='ltr'>p.</span> 
     </span>
    </p>
   </div>
   <div class='ocr_carea' id='block_1_4' title="bbox 112 4353 286 4420">
    <p class='ocr_par' dir='ltr' id='par_1_5' title="bbox 112 4353 286 4420">
     <span class='ocr_line' id='line_1_39' title="bbox 112 4353 286 4420; baseline 0.006 -1"><span class='ocrx_word' id='word_1_354' title='bbox 112 4367 162 4420; x_wconf 83' lang='lat' dir='ltr'>rac</span> <span class='ocrx_word' id='word_1_355' title='bbox 180 4384 206 4420; x_wconf 81' lang='lat' dir='ltr'>n.</span> <span class='ocrx_word' id='word_1_356' title='bbox 229 4353 286 4420; x_wconf 80' lang='lat' dir='ltr'>ree.</span> 
     </span>
    </p>
   </div>
   <div class='ocr_carea' id='block_1_5' title="bbox 0 0 1498 4898">
    <p class='ocr_par' dir='ltr' id='par_1_6' title="bbox 0 0 1498 4898">
     <span class='ocr_line' id='line_1_40' title="bbox 0 0 1498 4898; baseline 0 0"><span class='ocrx_word' id='word_1_357' title='bbox 0 0 1498 4898; x_wconf 95' lang='lat' dir='ltr'> </span> 
     </span>
    </p>
   </div>
  </div>
 </body>
</html>
